<?xml version="1.0" ?><OAI-PMH xmlns="http://www.openarchives.org/OAI/2.0/" xmlns:xsi="http://www.w3.org/2001/XMLSchema-instance" xsi:schemaLocation="http://www.openarchives.org/OAI/2.0/ http://www.openarchives.org/OAI/2.0/OAI-PMH.xsd">
  <responseDate>2024-11-20T18:25:40Z</responseDate>
  <request resumptionToken="1900-01-01@all@UNIGE_ALL@marc21@5986524820005502" verb="ListRecords">https://slsp-unige.alma.exlibrisgroup.com/view/oai/41SLSP_UGE/request</request>
<ListRecords><record><header><identifier>oai:alma.41SLSP_UGE:991000790219705502</identifier><datestamp>2024-03-27T01:13:12Z</datestamp><setSpec>uge_bcen_RapidILL_BOOK</setSpec><setSpec>uge_aaca_RapidILL_BOOK</setSpec><setSpec>uge_abels_RapidILL_BOOK</setSpec><setSpec>uge_dbu_RapidILL_BOOK</setSpec><setSpec>uge_cmu_RapidILL_BOOK</setSpec><setSpec>uge_mail_RapidILL_BOOK</setSpec><setSpec>uge_abbat_RapidILL_BOOK</setSpec><setSpec>UNIGE_ALL</setSpec><setSpec>uge_aobs_RapidILL_BOOK</setSpec><setSpec>uge_acar_RapidILL_BOOK</setSpec></header><metadata>
<record xmlns="http://www.loc.gov/MARC21/slim" xmlns:xsi="http://www.w3.org/2001/XMLSchema-instance" xsi:schemaLocation="http://www.loc.gov/MARC21/slim http://www.loc.gov/standards/marcxml/schema/MARC21slim.xsd"><leader>02098nam a2200481 c 4500</leader><controlfield tag="001">991000790219705502</controlfield><controlfield tag="005">20230317151230.0</controlfield><controlfield tag="008">201011s2002    xxu           00| | eng  </controlfield><datafield ind1=" " ind2=" " tag="010"><subfield code="a">2001058514</subfield></datafield><datafield ind1=" " ind2=" " tag="020"><subfield code="a">0520235681</subfield><subfield code="q">cloth</subfield><subfield code="c">usd 65.-</subfield></datafield><datafield ind1=" " ind2=" " tag="020"><subfield code="a">0520235703</subfield><subfield code="q">paper</subfield><subfield code="c">usd 35.-</subfield></datafield><datafield ind1="7" ind2=" " tag="024"><subfield code="a">http://catalogue.bnf.fr/ark:/12148/cb38862511m</subfield><subfield code="2">uri</subfield></datafield><datafield ind1=" " ind2=" " tag="035"><subfield code="a">(swissbib)224613146-41slsp_network</subfield></datafield><datafield ind1=" " ind2=" " tag="035"><subfield code="a">224613146</subfield><subfield code="9">ExL</subfield></datafield><datafield ind1=" " ind2=" " tag="035"><subfield code="a">(NEBIS)004398289EBI01</subfield></datafield><datafield ind1=" " ind2=" " tag="035"><subfield code="a">(RERO)R003550002-41slsp</subfield></datafield><datafield ind1=" " ind2=" " tag="035"><subfield code="a">(EXLNZ-41SLSP_NETWORK)991097233629705501</subfield></datafield><datafield ind1=" " ind2=" " tag="040"><subfield code="a">DLC</subfield><subfield code="d">CH-ZuSLS</subfield></datafield><datafield ind1=" " ind2=" " tag="050"><subfield code="a">ND237.M58</subfield><subfield code="b">A4 2002</subfield></datafield><datafield ind1=" " ind2="7" tag="072"><subfield code="a">ba</subfield><subfield code="2">rero</subfield></datafield><datafield ind1="0" ind2="4" tag="082"><subfield code="a">759.13</subfield><subfield code="2">21</subfield></datafield><datafield ind1="0" ind2="0" tag="245"><subfield code="a">&lt;&lt;The&gt;&gt; paintings of Joan Mitchell</subfield><subfield code="b">[exhibition], Whitney Museum of American Art, New York, [June 20 - September 29, 2002, ... etc.]</subfield><subfield code="c">Jane Livingston ; with essays by Linda Nochlin ... [et al.]</subfield></datafield><datafield ind1=" " ind2="1" tag="264"><subfield code="a">Berkeley, CA</subfield><subfield code="b">University of California Press</subfield><subfield code="c">2002</subfield></datafield><datafield ind1=" " ind2=" " tag="300"><subfield code="a">237 p.</subfield><subfield code="b">ill. en noir et en coul.</subfield><subfield code="c">30 cm</subfield></datafield><datafield ind1=" " ind2=" " tag="336"><subfield code="b">txt</subfield><subfield code="2">rdacontent</subfield></datafield><datafield ind1=" " ind2=" " tag="337"><subfield code="b">n</subfield><subfield code="2">rdamedia</subfield></datafield><datafield ind1=" " ind2=" " tag="338"><subfield code="b">nc</subfield><subfield code="2">rdacarrier</subfield></datafield><datafield ind1=" " ind2=" " tag="500"><subfield code="a">Exposition. New York. Whitney Museum of American Art. 2002</subfield></datafield><datafield ind1="1" ind2="0" tag="600"><subfield code="a">Mitchell, Joan</subfield><subfield code="d">1926-</subfield><subfield code="v">Exhibitions</subfield></datafield><datafield ind1="1" ind2="4" tag="600"><subfield code="a">Mitchell, Joan</subfield><subfield code="d">1925-1992</subfield><subfield code="0">(DE-588)119068656</subfield></datafield><datafield ind1="1" ind2="7" tag="600"><subfield code="a">Mitchell, Joan</subfield><subfield code="c">peintre</subfield><subfield code="d">1925-1992</subfield><subfield code="0">(IDREF)027543951</subfield><subfield code="2">idref</subfield></datafield><datafield ind1=" " ind2="0" tag="650"><subfield code="a">Abstract expressionism</subfield><subfield code="z">United States</subfield><subfield code="v">Exhibitions</subfield></datafield><datafield ind1=" " ind2="7" tag="655"><subfield code="a">Ausstellungskatalog</subfield><subfield code="z">New York (NY)</subfield><subfield code="y">2002</subfield><subfield code="2">gnd-content</subfield></datafield><datafield ind1=" " ind2="7" tag="655"><subfield code="a">Catalogues d'exposition</subfield><subfield code="0">(IDREF)027320456</subfield><subfield code="2">idref</subfield></datafield><datafield ind1=" " ind2=" " tag="690"><subfield code="a">USA</subfield><subfield code="x">Malerei</subfield><subfield code="x">1945-2000</subfield><subfield code="2">nebis-E4</subfield></datafield><datafield ind1=" " ind2=" " tag="690"><subfield code="a">New York (NY)</subfield><subfield code="x">Ausstellung</subfield><subfield code="x">Whitney Museum of American Art</subfield><subfield code="2">nebis-E4</subfield></datafield><datafield ind1=" " ind2=" " tag="690"><subfield code="a">Mitchell, Joan</subfield><subfield code="d">1925-1992</subfield><subfield code="2">nebis-E5</subfield></datafield><datafield ind1="1" ind2=" " tag="700"><subfield code="a">Nochlin, Linda</subfield><subfield code="d">1931-2017</subfield><subfield code="0">(DE-588)123060230</subfield></datafield><datafield ind1="1" ind2=" " tag="700"><subfield code="a">Mitchell, Joan</subfield><subfield code="d">1925-1992</subfield><subfield code="0">(DE-588)119068656</subfield><subfield code="6">880-03</subfield></datafield><datafield ind1="1" ind2=" " tag="880"><subfield code="a">Mitchell, Joan</subfield><subfield code="c">peintre</subfield><subfield code="0">(RERO)A012345472</subfield><subfield code="6">700-03</subfield></datafield><datafield ind1="1" ind2=" " tag="700"><subfield code="a">Livingston, Jane</subfield><subfield code="d">1944-</subfield><subfield code="0">(DE-588)1057211060</subfield><subfield code="6">880-04</subfield></datafield><datafield ind1="1" ind2=" " tag="880"><subfield code="6">700-04</subfield><subfield code="a">Livingston, Jane</subfield><subfield code="d">1944-....</subfield><subfield code="0">(IDREF)028810066</subfield></datafield><datafield ind1="2" ind2=" " tag="710"><subfield code="a">Whitney Museum of American Art</subfield><subfield code="0">(DE-588)1019165-3</subfield></datafield><datafield ind1=" " ind2=" " tag="900"><subfield code="a">REROnoselfmerge</subfield></datafield><datafield ind1=" " ind2=" " tag="993"><subfield code="a">BFLB 23374</subfield><subfield code="x">ge/ulha/a/03/0515</subfield><subfield code="9">LOCAL</subfield></datafield></record>
</metadata></record>