<record><header><identifier>oai:alma.41SLSP_UGE:991000790949705502</identifier><datestamp>2023-07-03T00:42:09Z</datestamp><setSpec>uge_bcen_RapidILL_BOOK</setSpec><setSpec>uge_aaca_RapidILL_BOOK</setSpec><setSpec>uge_abels_RapidILL_BOOK</setSpec><setSpec>uge_dbu_RapidILL_BOOK</setSpec><setSpec>uge_cmu_RapidILL_BOOK</setSpec><setSpec>uge_mail_RapidILL_BOOK</setSpec><setSpec>uge_abbat_RapidILL_BOOK</setSpec><setSpec>UNIGE_ALL</setSpec><setSpec>uge_aobs_RapidILL_BOOK</setSpec><setSpec>uge_acar_RapidILL_BOOK</setSpec></header><metadata>
<record xmlns="http://www.loc.gov/MARC21/slim" xmlns:xsi="http://www.w3.org/2001/XMLSchema-instance" xsi:schemaLocation="http://www.loc.gov/MARC21/slim http://www.loc.gov/standards/marcxml/schema/MARC21slim.xsd"><leader>05210nam a2200745 c 4500</leader><controlfield tag="001">991000790949705502</controlfield><controlfield tag="005">20230702075231.0</controlfield><controlfield tag="008">201011s2000    gw ||||| |||| 00| ||ger d</controlfield><datafield ind1=" " ind2=" " tag="015"><subfield code="a">GFR-CIP-00,N08,0262</subfield><subfield code="a">DNB-00,A19,0607</subfield></datafield><datafield ind1="7" ind2=" " tag="016"><subfield code="a">958335397</subfield><subfield code="2">GyFmDB</subfield></datafield><datafield ind1=" " ind2=" " tag="020"><subfield code="a">3428099834</subfield><subfield code="c">kart. : DM 82.00, sfr 74.50, S 599.00</subfield></datafield><datafield ind1=" " ind2=" " tag="035"><subfield code="a">(swissbib)212651250-41slsp_network</subfield></datafield><datafield ind1=" " ind2=" " tag="035"><subfield code="a">212651250</subfield><subfield code="9">ExL</subfield></datafield><datafield ind1=" " ind2=" " tag="035"><subfield code="a">(RERO)R273297160-41slsp</subfield></datafield><datafield ind1=" " ind2=" " tag="035"><subfield code="a">(IDSSG)000217830HSB01</subfield></datafield><datafield ind1=" " ind2=" " tag="035"><subfield code="a">(NEBIS)003890142EBI01</subfield></datafield><datafield ind1=" " ind2=" " tag="035"><subfield code="a">(IDSBB)002037283DSV01</subfield></datafield><datafield ind1=" " ind2=" " tag="035"><subfield code="a">(EXLNZ-41SLSP_NETWORK)991016880599705501</subfield></datafield><datafield ind1=" " ind2=" " tag="040"><subfield code="a">RERO laisdc</subfield><subfield code="d">CH-ZuSLS</subfield></datafield><datafield ind1=" " ind2="7" tag="072"><subfield code="a">dr</subfield><subfield code="2">rero</subfield></datafield><datafield ind1=" " ind2="7" tag="072"><subfield code="a">rw</subfield><subfield code="2">SzZuIDS BS/BE</subfield></datafield><datafield ind1="1" ind2="4" tag="082"><subfield code="a">340</subfield><subfield code="2">15</subfield></datafield><datafield ind1=" " ind2=" " tag="084"><subfield code="a">CA/D 97.3 h</subfield><subfield code="2">cjurrom</subfield></datafield><datafield ind1=" " ind2=" " tag="084"><subfield code="a">CB/USA 97.3 h</subfield><subfield code="2">cjurrom</subfield></datafield><datafield ind1=" " ind2=" " tag="084"><subfield code="a">PU 1399</subfield><subfield code="2">rvk</subfield></datafield><datafield ind1=" " ind2=" " tag="084"><subfield code="a">PU 5460</subfield><subfield code="2">rvk</subfield></datafield><datafield ind1="1" ind2=" " tag="100"><subfield code="a">Becker, Colin</subfield><subfield code="0">(RERO)A006092775</subfield><subfield code="4">cre</subfield></datafield><datafield ind1="1" ind2="0" tag="245"><subfield code="a">First in time, first in right</subfield><subfield code="b">das Prioritätsprinzip im deutschen und US-amerikanischen Zwangsvollstreckungsrecht</subfield><subfield code="c">von Colin Becker</subfield></datafield><datafield ind1=" " ind2="1" tag="264"><subfield code="a">Berlin</subfield><subfield code="b">Duncker &amp; Humblot</subfield><subfield code="c">[2000]</subfield></datafield><datafield ind1=" " ind2="4" tag="264"><subfield code="c">© 2000</subfield></datafield><datafield ind1=" " ind2=" " tag="300"><subfield code="a">132 S.</subfield><subfield code="c">24 cm</subfield></datafield><datafield ind1=" " ind2=" " tag="336"><subfield code="b">txt</subfield><subfield code="2">rdacontent</subfield></datafield><datafield ind1=" " ind2=" " tag="337"><subfield code="b">n</subfield><subfield code="2">rdamedia</subfield></datafield><datafield ind1=" " ind2=" " tag="338"><subfield code="b">nc</subfield><subfield code="2">rdacarrier</subfield></datafield><datafield ind1="1" ind2=" " tag="490"><subfield code="a">Schriften zum internationalen Recht</subfield><subfield code="v">Bd. 115</subfield></datafield><datafield ind1=" " ind2=" " tag="500"><subfield code="a">Buchhandelsausg. der Diss. Freiburg (Breisgau), 1999</subfield></datafield><datafield ind1=" " ind2=" " tag="502"><subfield code="a">Zugl.: Diss. Univ. Freiburg i.Br., 1999</subfield></datafield><datafield ind1=" " ind2=" " tag="504"><subfield code="a">Bibliogr.</subfield></datafield><datafield ind1=" " ind2="7" tag="650"><subfield code="a">poursuite pour dettes</subfield><subfield code="0">(RERO)A009953226</subfield><subfield code="2">rerovoc</subfield></datafield><datafield ind1=" " ind2="7" tag="650"><subfield code="a">Droit comparé</subfield><subfield code="0">(IDREF)027741451</subfield><subfield code="2">idref</subfield></datafield><datafield ind1=" " ind2="7" tag="650"><subfield code="a">Créances</subfield><subfield code="0">(IDREF)027466507</subfield><subfield code="2">idref</subfield></datafield><datafield ind1=" " ind2="7" tag="650"><subfield code="a">Voies d'exécution</subfield><subfield code="0">(IDREF)027625672</subfield><subfield code="2">idref</subfield></datafield><datafield ind1=" " ind2="7" tag="650"><subfield code="a">Prioritätsprinzip</subfield><subfield code="0">(DE-588)4212145-0</subfield><subfield code="2">gnd</subfield></datafield><datafield ind1=" " ind2="7" tag="650"><subfield code="a">Zwangsvollstreckung</subfield><subfield code="0">(DE-588)4068185-3</subfield><subfield code="2">gnd</subfield></datafield><datafield ind1=" " ind2="7" tag="650"><subfield code="a">Prioritätsprinzip</subfield><subfield code="2">idszbz</subfield></datafield><datafield ind1=" " ind2="7" tag="650"><subfield code="a">Zwangsvollstreckung</subfield><subfield code="2">idszbz</subfield></datafield><datafield ind1=" " ind2="7" tag="650"><subfield code="a">Prioritätsprinzip</subfield><subfield code="x">Schuldbetreibung und Konkurs</subfield><subfield code="z">Deutschland (BRD)</subfield><subfield code="2">idsbb</subfield></datafield><datafield ind1=" " ind2="7" tag="650"><subfield code="a">Schuldbetreibung und Konkurs</subfield><subfield code="x">Prioritätsprinzip</subfield><subfield code="z">Deutschland (BRD)</subfield><subfield code="2">idsbb</subfield></datafield><datafield ind1=" " ind2="7" tag="650"><subfield code="a">Prioritätsprinzip</subfield><subfield code="x">Schuldbetreibung und Konkurs</subfield><subfield code="z">USA</subfield><subfield code="2">idsbb</subfield></datafield><datafield ind1=" " ind2="7" tag="650"><subfield code="a">Schuldbetreibung und Konkurs</subfield><subfield code="x">Prioritätsprinzip</subfield><subfield code="z">USA</subfield><subfield code="2">idsbb</subfield></datafield><datafield ind1=" " ind2="7" tag="651"><subfield code="a">Allemagne</subfield><subfield code="0">(IDREF)027218856</subfield><subfield code="2">idref</subfield></datafield><datafield ind1=" " ind2="7" tag="651"><subfield code="a">États-Unis</subfield><subfield code="0">(IDREF)027225488</subfield><subfield code="2">idref</subfield></datafield><datafield ind1=" " ind2="7" tag="651"><subfield code="a">USA</subfield><subfield code="0">(DE-588)4078704-7</subfield><subfield code="2">gnd</subfield></datafield><datafield ind1=" " ind2="7" tag="651"><subfield code="a">Deutschland</subfield><subfield code="0">(DE-588)4011882-4</subfield><subfield code="2">gnd</subfield></datafield><datafield ind1=" " ind2="7" tag="651"><subfield code="a">Deutschland</subfield><subfield code="2">idszbz</subfield></datafield><datafield ind1=" " ind2="7" tag="651"><subfield code="a">USA</subfield><subfield code="2">idszbz</subfield></datafield><datafield ind1=" " ind2="7" tag="655"><subfield code="a">Hochschulschrift</subfield><subfield code="2">gnd-content</subfield></datafield><datafield ind1=" " ind2=" " tag="690"><subfield code="a">Zivilprozessrecht; Prinzip; Insolvenzrecht; Hypothek; Urteil; Forderung; Milz; Vermögen; Zugriff; Cc; Antrag</subfield><subfield code="2">idssg-J</subfield></datafield><datafield ind1=" " ind2=" " tag="690"><subfield code="a">Prioritätsprinzip; Gruppenprinzip; Vermögensrecht; Zwangsvollstreckungsrecht; Gleichrangprinzip; Zwangsverwaltungsverfahren; Rangfunktion; Zwangshypothek; Anwartschaftsrecht; Arrestpfandrecht; Bestimmtheitsgrundsatz; Generalpfandrecht; Insolvenzverfahren; Registerpfändungspfandrecht; Sicherungsrecht; Steuerpfandrecht; Vollstreckungsantrag; Mobiliarvollstreckung; Sicherungsvollstreckung; Vollstreckungszugriff; Urteilsregistrierung; Eigenverantwortung; Immobiliarvollstreckung; Eigeninitiative; Erlösverteilung; Grundschulden; Konkurrenzlösung; Rangbestimmung; Rangchance; Rentenschulden; Vollstreckungsakt; Rangverlust; Schuldnervermögen; Wettlauf; Anwendungsbereich; En-Gläubige; Entscheidungsverzeichnis; Fehlerhafter; Geltungsdauer; Gläubigerkonkurrenz; Literaturverzeichnis; Lösungsmodell; Nichtbestehen; Nichtzugehörigkeit; Pfandregister; Reallast; Rechtsnatur; Sachwortverzeichnis; Urteilsstaat; Vollstreckungsgegenstand; Vollstreckungsgläubiger; Vollstreckungsreihenfolge; Weltanschauungsfrage; Ziellinie</subfield><subfield code="2">idssg-J</subfield></datafield><datafield ind1=" " ind2=" " tag="690"><subfield code="a">bewegliches Vermögen; deutsches Zwangsvollstreckungsrecht; US-amerikanisches Zwangsvollstreckungsrecht; anderer Bundesstaat; anderes Vermögensrecht; bewegliche Sache; bewegliches Vermögen; deutsch-amerikanischer Vergleich; deutsch Zivilprozessordnung; dinglicher Arrest; früher Vollstreckungsantrag; gesicherte Forderung; gesicherter Gläubiger; heimliches Pfandrecht; herkömmliche Methode; künftige Forderung; neue Form; nichtiger Vollstreckungsakt; persönlicher Gläubiger; praktische Bedeutung; rangbestimmender Zeitpunkt; rangniedrig Judgment; rechtswidriger Vollstreckungszugriff; unbewegliches Vermögen; unterschiedliches Lösungsmodell; verfahrensmäßige Absicherung; verkörperte Rangchance; vertragliches Sicherungsrecht; vollstreckungsrechtliches Prioritätsprinzip</subfield><subfield code="2">idssg-J</subfield></datafield><datafield ind1=" " ind2=" " tag="690"><subfield code="a">Vereinigte Staaten C1USA; Deutschland C4EUGE; Welt C00WOR</subfield><subfield code="2">idssg-J</subfield></datafield><datafield ind1=" " ind2=" " tag="690"><subfield code="a">After- acquired property; Attachment prejudgment garnishment Federal District Courts; B. Prioritätsprinzip; B. USA; Becker; C. Priorität; Case Law; Docketing of judgment; Dr. Colin; Duncker Humblot erlin; Federal Law; M. Attorney-at; Prejudgment garnishment Federal District; State Law; Statutory Law; Writ of execution</subfield><subfield code="2">idssg-J</subfield></datafield><datafield ind1="4" ind2=" " tag="856"><subfield code="u">https://tools.unisg.ch/url/hm00014611</subfield><subfield code="z">Inhaltsverzeichnis</subfield></datafield><datafield ind1=" " ind2="0" tag="830"><subfield code="a">Schriften zum internationalen Recht</subfield><subfield code="v">115</subfield><subfield code="w">(RERO)0117796-41slsp</subfield></datafield><datafield ind1=" " ind2=" " tag="900"><subfield code="a">IDSZ2rwimon200005p</subfield><subfield code="c">IDSZ2salg 000519</subfield><subfield code="d">IDSZ2rwiswk200006b</subfield><subfield code="e">IDSZ2buec</subfield></datafield><datafield ind1=" " ind2=" " tag="949"><subfield code="a">https://tools.unisg.ch/url/hm00014611</subfield></datafield></record>
</metadata></record>