<record><header><identifier>oai:alma.41SLSP_UGE:991000790639705502</identifier><datestamp>2023-12-15T01:24:58Z</datestamp><setSpec>uge_bcen_RapidILL_BOOK</setSpec><setSpec>uge_aaca_RapidILL_BOOK</setSpec><setSpec>uge_abels_RapidILL_BOOK</setSpec><setSpec>uge_dbu_RapidILL_BOOK</setSpec><setSpec>uge_cmu_RapidILL_BOOK</setSpec><setSpec>uge_mail_RapidILL_BOOK</setSpec><setSpec>uge_abbat_RapidILL_BOOK</setSpec><setSpec>UNIGE_ALL</setSpec><setSpec>uge_acar_RapidILL_BOOK</setSpec><setSpec>uge_aobs_RapidILL_BOOK</setSpec></header><metadata>
<record xmlns="http://www.loc.gov/MARC21/slim" xmlns:xsi="http://www.w3.org/2001/XMLSchema-instance" xsi:schemaLocation="http://www.loc.gov/MARC21/slim http://www.loc.gov/standards/marcxml/schema/MARC21slim.xsd"><leader>02443nam a2200613 c 4500</leader><controlfield tag="001">991000790639705502</controlfield><controlfield tag="005">20230217225012.0</controlfield><controlfield tag="008">201012s2011    sz ||||| |||| 00| ||fre d</controlfield><datafield ind1=" " ind2=" " tag="020"><subfield code="a">2830914341</subfield></datafield><datafield ind1=" " ind2=" " tag="020"><subfield code="a">9782830914344</subfield></datafield><datafield ind1=" " ind2=" " tag="035"><subfield code="a">(swissbib)241072786-41slsp_network</subfield></datafield><datafield ind1=" " ind2=" " tag="035"><subfield code="a">241072786</subfield><subfield code="9">ExL</subfield></datafield><datafield ind1=" " ind2=" " tag="035"><subfield code="a">(RERO)R006306541-41slsp</subfield></datafield><datafield ind1=" " ind2=" " tag="035"><subfield code="a">(IDSBB)005674376DSV01</subfield></datafield><datafield ind1=" " ind2=" " tag="035"><subfield code="a">(NEBIS)006885970EBI01</subfield></datafield><datafield ind1=" " ind2=" " tag="035"><subfield code="a">(IDSLU)001018490ILU01</subfield></datafield><datafield ind1=" " ind2=" " tag="035"><subfield code="a">(OCoLC)756264319</subfield></datafield><datafield ind1=" " ind2=" " tag="035"><subfield code="a">(EXLNZ-41SLSP_NETWORK)991088823939705501</subfield></datafield><datafield ind1=" " ind2=" " tag="040"><subfield code="a">RERO geuth-</subfield><subfield code="d">CH-ZuSLS</subfield></datafield><datafield ind1=" " ind2=" " tag="044"><subfield code="a">sz</subfield><subfield code="c">ch-ge</subfield></datafield><datafield ind1=" " ind2=" " tag="050"><subfield code="a">BS2725.53</subfield><subfield code="b">.R43 2011</subfield></datafield><datafield ind1=" " ind2="7" tag="072"><subfield code="a">th</subfield><subfield code="2">rero</subfield></datafield><datafield ind1=" " ind2="7" tag="072"><subfield code="a">th</subfield><subfield code="2">SzZuIDS BS/BE</subfield></datafield><datafield ind1=" " ind2="7" tag="072"><subfield code="a">730</subfield><subfield code="2">IDS LU</subfield></datafield><datafield ind1="1" ind2=" " tag="080"><subfield code="a">22.07CNT-N</subfield></datafield><datafield ind1="1" ind2="4" tag="082"><subfield code="a">227.82077</subfield><subfield code="2">22</subfield></datafield><datafield ind1="1" ind2="4" tag="082"><subfield code="a">227.820 77</subfield><subfield code="2">22</subfield></datafield><datafield ind1=" " ind2=" " tag="084"><subfield code="a">BC 4800</subfield><subfield code="2">rvk</subfield></datafield><datafield ind1="1" ind2=" " tag="100"><subfield code="a">Redalié, Yann</subfield><subfield code="d">1946-....</subfield><subfield code="0">(IDREF)028582632</subfield><subfield code="4">cre</subfield></datafield><datafield ind1="1" ind2="0" tag="245"><subfield code="a">Deuxième épître aux Thessaloniciens</subfield><subfield code="c">Yann Redalié</subfield></datafield><datafield ind1=" " ind2="1" tag="264"><subfield code="a">Genève</subfield><subfield code="b">Labor et Fides</subfield><subfield code="c">2011</subfield></datafield><datafield ind1=" " ind2=" " tag="300"><subfield code="a">174 S.</subfield><subfield code="b">Ill.</subfield><subfield code="c">24 cm</subfield></datafield><datafield ind1=" " ind2=" " tag="336"><subfield code="b">txt</subfield><subfield code="2">rdacontent</subfield></datafield><datafield ind1=" " ind2=" " tag="337"><subfield code="b">n</subfield><subfield code="2">rdamedia</subfield></datafield><datafield ind1=" " ind2=" " tag="338"><subfield code="b">nc</subfield><subfield code="2">rdacarrier</subfield></datafield><datafield ind1="1" ind2=" " tag="490"><subfield code="a">Commentaire du Nouveau Testament. 2e série</subfield><subfield code="v">9C</subfield></datafield><datafield ind1=" " ind2=" " tag="504"><subfield code="a">Includes bibliographical references (pages 35-43)</subfield></datafield><datafield ind1="0" ind2="7" tag="600"><subfield code="a">Bibel</subfield><subfield code="p">Thessalonicherbrief</subfield><subfield code="n">2.</subfield><subfield code="0">(DE-588)4115517-8</subfield><subfield code="2">gnd</subfield></datafield><datafield ind1="0" ind2="7" tag="630"><subfield code="a">Bible</subfield><subfield code="p">NT</subfield><subfield code="p">Thessaloniciens II</subfield><subfield code="0">(RERO)A010053412</subfield><subfield code="2">rero</subfield></datafield><datafield ind1="0" ind2="0" tag="630"><subfield code="a">Bible</subfield><subfield code="n">N.T</subfield><subfield code="p">Thessalonians, 2nd</subfield><subfield code="v">Commentaries</subfield></datafield><datafield ind1="0" ind2="7" tag="630"><subfield code="a">Bible</subfield><subfield code="n">N.T</subfield><subfield code="p">Épîtres</subfield><subfield code="p">Paul</subfield><subfield code="p">Thessaloniciens</subfield><subfield code="x">Commentaires</subfield><subfield code="2">ram</subfield></datafield><datafield ind1="0" ind2="7" tag="630"><subfield code="a">Thessalonicherbrief (2.)</subfield><subfield code="2">idszbz</subfield></datafield><datafield ind1="0" ind2="0" tag="630"><subfield code="a">Bible</subfield><subfield code="p">Thessalonians, 2nd</subfield><subfield code="v">Commentaries</subfield></datafield><datafield ind1="0" ind2="7" tag="630"><subfield code="a">Bibel</subfield><subfield code="p">Thessalonicherbrief</subfield><subfield code="n">2.</subfield><subfield code="0">(DE-588)4115517-8</subfield><subfield code="2">gnd</subfield></datafield><datafield ind1=" " ind2="7" tag="655"><subfield code="a">Commentaire de texte</subfield><subfield code="0">(IDREF)27790681</subfield><subfield code="2">idref</subfield></datafield><datafield ind1=" " ind2="7" tag="655"><subfield code="a">Kommentar</subfield><subfield code="2">idszbz</subfield></datafield><datafield ind1=" " ind2="7" tag="655"><subfield code="a">Kommentar</subfield><subfield code="2">gnd-content</subfield></datafield><datafield ind1="0" ind2=" " tag="730"><subfield code="a">Bible</subfield><subfield code="n">221</subfield><subfield code="p">N.T</subfield><subfield code="p">Epître aux Thessaloniciens II</subfield><subfield code="l">Français</subfield></datafield><datafield ind1="4" ind2=" " tag="856"><subfield code="3">Titelblatt und Inhaltsverzeichnis</subfield><subfield code="u">https://toc.library.ethz.ch/objects/pdf/z01_978-2-8309-1434-4_01.pdf</subfield><subfield code="q">pdf</subfield></datafield><datafield ind1=" " ind2=" " tag="830"><subfield code="a">Commentaire du Nouveau Testament</subfield><subfield code="v">9/c</subfield><subfield code="w">(RERO)0041432-41slsp</subfield></datafield><datafield ind1=" " ind2=" " tag="830"><subfield code="a">Commentaire du Nouveau Testament</subfield><subfield code="v">9/c</subfield><subfield code="w">(IDSLU)000134852ILU01</subfield></datafield><datafield ind1=" " ind2=" " tag="830"><subfield code="a">Commentaire du Nouveau Testament</subfield><subfield code="p">Deuxième série</subfield><subfield code="v">9/C</subfield><subfield code="w">(IDSBB)000059298DSV01</subfield></datafield><datafield ind1=" " ind2=" " tag="900"><subfield code="a">REROnoselfmerge</subfield></datafield><datafield ind1=" " ind2=" " tag="900"><subfield code="a">IDSZ2zbzmon201202f</subfield><subfield code="c">IDSZ2dome</subfield><subfield code="d">IDSZ2zbzswk201202b</subfield><subfield code="e">IDSZ2schu</subfield></datafield><datafield ind1=" " ind2=" " tag="949"><subfield code="a">https://toc.library.ethz.ch/objects/pdf/z01_978-2-8309-1434-4_01.pdf</subfield></datafield></record>
</metadata></record>