<record><header><identifier>oai:alma.41SLSP_UGE:991000790099705502</identifier><datestamp>2023-03-01T01:09:29Z</datestamp><setSpec>uge_bcen_RapidILL_BOOK</setSpec><setSpec>uge_aaca_RapidILL_BOOK</setSpec><setSpec>uge_abels_RapidILL_BOOK</setSpec><setSpec>uge_dbu_RapidILL_BOOK</setSpec><setSpec>uge_cmu_RapidILL_BOOK</setSpec><setSpec>uge_mail_RapidILL_BOOK</setSpec><setSpec>UNIGE_ALL</setSpec><setSpec>uge_abbat_RapidILL_BOOK</setSpec><setSpec>uge_acar_RapidILL_BOOK</setSpec><setSpec>uge_aobs_RapidILL_BOOK</setSpec></header><metadata>
<record xmlns="http://www.loc.gov/MARC21/slim" xmlns:xsi="http://www.w3.org/2001/XMLSchema-instance" xsi:schemaLocation="http://www.loc.gov/MARC21/slim http://www.loc.gov/standards/marcxml/schema/MARC21slim.xsd"><leader>03116nam a2200817 c 4500</leader><controlfield tag="001">991000790099705502</controlfield><controlfield tag="005">20230217210824.0</controlfield><controlfield tag="008">201011s1979    gw ||||| |||| 10| ||ger d</controlfield><datafield ind1=" " ind2=" " tag="020"><subfield code="a">3484103736</subfield></datafield><datafield ind1=" " ind2=" " tag="035"><subfield code="a">(swissbib)230421482-41slsp_network</subfield></datafield><datafield ind1=" " ind2=" " tag="035"><subfield code="a">230421482</subfield><subfield code="9">ExL</subfield></datafield><datafield ind1=" " ind2=" " tag="035"><subfield code="a">(RERO)1913357-41slsp</subfield></datafield><datafield ind1=" " ind2=" " tag="035"><subfield code="a">(IDSBB)001410284DSV01</subfield></datafield><datafield ind1=" " ind2=" " tag="035"><subfield code="a">(NEBIS)003119878EBI01</subfield></datafield><datafield ind1=" " ind2=" " tag="035"><subfield code="a">(EXLNZ-41SLSP_NETWORK)991161102279705501</subfield></datafield><datafield ind1=" " ind2=" " tag="040"><subfield code="a">RERO geulal</subfield><subfield code="d">CH-ZuSLS</subfield></datafield><datafield ind1=" " ind2="7" tag="072"><subfield code="a">lg</subfield><subfield code="2">rero</subfield></datafield><datafield ind1=" " ind2="7" tag="072"><subfield code="a">as</subfield><subfield code="2">SzZuIDS BS/BE</subfield></datafield><datafield ind1="0" ind2="4" tag="082"><subfield code="a">401</subfield><subfield code="b">S989s</subfield></datafield><datafield ind1="0" ind2="4" tag="082"><subfield code="a">404.2</subfield></datafield><datafield ind1="0" ind2="4" tag="082"><subfield code="a">410</subfield></datafield><datafield ind1="0" ind2="4" tag="082"><subfield code="a">437.0094 UKD</subfield></datafield><datafield ind1="1" ind2="4" tag="082"><subfield code="a">410</subfield></datafield><datafield ind1="1" ind2="4" tag="082"><subfield code="a">417</subfield></datafield><datafield ind1=" " ind2=" " tag="084"><subfield code="a">ER 300</subfield><subfield code="2">rvk</subfield></datafield><datafield ind1=" " ind2=" " tag="084"><subfield code="a">ES 132</subfield><subfield code="2">rvk</subfield></datafield><datafield ind1=" " ind2=" " tag="084"><subfield code="a">ES 550</subfield><subfield code="2">rvk</subfield></datafield><datafield ind1=" " ind2=" " tag="084"><subfield code="a">ES 555</subfield><subfield code="2">rvk</subfield></datafield><datafield ind1="0" ind2="0" tag="245"><subfield code="a">Standardsprache und Dialekte in mehrsprachigen Gebieten Europas</subfield><subfield code="b">Akten des 2. Symposions über Sprachkontakt in Europa, Mannheim 1978</subfield><subfield code="c">hrsg. von P. Sture Ureland</subfield></datafield><datafield ind1=" " ind2="1" tag="264"><subfield code="a">Tübingen</subfield><subfield code="b">M. Niemeyer</subfield><subfield code="c">1979</subfield></datafield><datafield ind1=" " ind2=" " tag="300"><subfield code="a">XIII, 266 p.</subfield><subfield code="b">tabl.</subfield><subfield code="c">24 cm</subfield></datafield><datafield ind1=" " ind2=" " tag="336"><subfield code="b">txt</subfield><subfield code="2">rdacontent</subfield></datafield><datafield ind1=" " ind2=" " tag="337"><subfield code="b">n</subfield><subfield code="2">rdamedia</subfield></datafield><datafield ind1=" " ind2=" " tag="338"><subfield code="b">nc</subfield><subfield code="2">rdacarrier</subfield></datafield><datafield ind1="1" ind2=" " tag="490"><subfield code="a">Linguistische Arbeiten</subfield><subfield code="v">82</subfield></datafield><datafield ind1=" " ind2="7" tag="650"><subfield code="a">Multilinguisme</subfield><subfield code="0">(IDREF)027291421</subfield><subfield code="2">idref</subfield></datafield><datafield ind1=" " ind2="7" tag="650"><subfield code="a">Langues en contact</subfield><subfield code="0">(IDREF)027262383</subfield><subfield code="2">idref</subfield></datafield><datafield ind1=" " ind2="7" tag="650"><subfield code="a">Kongress</subfield><subfield code="0">(DE-588)4130470-6</subfield><subfield code="2">gnd</subfield></datafield><datafield ind1=" " ind2="7" tag="650"><subfield code="a">Mehrsprachigkeit</subfield><subfield code="0">(DE-588)4038403-2</subfield><subfield code="2">gnd</subfield></datafield><datafield ind1=" " ind2="7" tag="650"><subfield code="a">Mundart</subfield><subfield code="0">(DE-588)4040725-1</subfield><subfield code="2">gnd</subfield></datafield><datafield ind1=" " ind2="7" tag="650"><subfield code="a">Sprachkontakt</subfield><subfield code="0">(DE-588)4077723-6</subfield><subfield code="2">gnd</subfield></datafield><datafield ind1=" " ind2="0" tag="650"><subfield code="a">Bilingualism</subfield></datafield><datafield ind1=" " ind2="0" tag="650"><subfield code="a">Dialektologie</subfield></datafield><datafield ind1=" " ind2="0" tag="650"><subfield code="a">German language</subfield><subfield code="x">Dialects</subfield></datafield><datafield ind1=" " ind2="0" tag="650"><subfield code="a">German language</subfield><subfield code="x">Europe</subfield></datafield><datafield ind1=" " ind2="0" tag="650"><subfield code="a">German language</subfield><subfield code="x">Foreign elements</subfield></datafield><datafield ind1=" " ind2="0" tag="650"><subfield code="a">German language</subfield><subfield code="x">Interference</subfield></datafield><datafield ind1=" " ind2="0" tag="650"><subfield code="a">German language</subfield><subfield code="x">Usage</subfield></datafield><datafield ind1=" " ind2="0" tag="650"><subfield code="a">Languages in contact</subfield><subfield code="z">Europe</subfield><subfield code="v">Congresses</subfield></datafield><datafield ind1=" " ind2="0" tag="650"><subfield code="a">Languages in contact</subfield><subfield code="z">Europe</subfield><subfield code="x">Congresses</subfield></datafield><datafield ind1=" " ind2="0" tag="650"><subfield code="a">Linguistic minorities</subfield><subfield code="z">Europe</subfield><subfield code="v">Congresses</subfield></datafield><datafield ind1=" " ind2="0" tag="650"><subfield code="a">Linguistic minorities</subfield><subfield code="z">Europe</subfield><subfield code="x">Congresses</subfield></datafield><datafield ind1=" " ind2="7" tag="651"><subfield code="a">Europe</subfield><subfield code="0">(IDREF)027224651</subfield><subfield code="2">idref</subfield></datafield><datafield ind1=" " ind2="7" tag="651"><subfield code="a">Europa</subfield><subfield code="0">(DE-588)4015701-5</subfield><subfield code="2">gnd</subfield></datafield><datafield ind1=" " ind2="0" tag="651"><subfield code="a">Europa</subfield><subfield code="x">Tale</subfield></datafield><datafield ind1=" " ind2="0" tag="651"><subfield code="a">Europa</subfield><subfield code="x">Tale</subfield><subfield code="x">Dialektologie</subfield></datafield><datafield ind1=" " ind2="7" tag="655"><subfield code="a">Actes de congrès</subfield><subfield code="0">(IDREF)02886431X</subfield><subfield code="2">idref</subfield></datafield><datafield ind1=" " ind2="7" tag="655"><subfield code="a">Konferenzschrift</subfield><subfield code="z">Mannheim</subfield><subfield code="y">1978</subfield><subfield code="2">gnd-content</subfield></datafield><datafield ind1=" " ind2=" " tag="690"><subfield code="a">Mehrsprachigkeit / Kongresse, Konferenzen, Symposien</subfield><subfield code="2">uzb-Z9</subfield></datafield><datafield ind1=" " ind2=" " tag="690"><subfield code="a">Sprachgeographie / Kongresse, Konferenzen, Symposien</subfield><subfield code="2">uzb-Z9</subfield></datafield><datafield ind1=" " ind2=" " tag="690"><subfield code="a">Europa : Sprachkontakt : Kongress</subfield><subfield code="2">uzb-VH</subfield></datafield><datafield ind1=" " ind2=" " tag="690"><subfield code="a">Dialekt</subfield><subfield code="2">uzb-UG</subfield></datafield><datafield ind1=" " ind2=" " tag="690"><subfield code="a">Kontrastive Linguistik</subfield><subfield code="2">uzb-UG</subfield></datafield><datafield ind1="1" ind2=" " tag="700"><subfield code="a">Ureland, P. Sture</subfield><subfield code="d">1937-....</subfield><subfield code="0">(DE-588)103348492X</subfield></datafield><datafield ind1="1" ind2=" " tag="700"><subfield code="a">Ureland, P. Sture</subfield><subfield code="d">1937-....</subfield><subfield code="0">(IDREF)028496310</subfield></datafield><datafield ind1="2" ind2=" " tag="711"><subfield code="a">Symposion über Sprachkontakt in Europa</subfield><subfield code="0">(DE-588)244612-1</subfield></datafield><datafield ind1="2" ind2=" " tag="711"><subfield code="a">Symposion über Sprachkontakt in Europa</subfield><subfield code="0">(DE-588)244612-1</subfield></datafield><datafield ind1="2" ind2=" " tag="711"><subfield code="a">Symposion über Sprachkontakt in Europa</subfield><subfield code="n">2</subfield><subfield code="d">1978</subfield><subfield code="c">Mannheim</subfield><subfield code="0">(RERO)A013432664</subfield></datafield><datafield ind1=" " ind2=" " tag="830"><subfield code="a">Linguistische Arbeiten</subfield><subfield code="v">82</subfield><subfield code="w">(IDSBB)000104517DSV01</subfield></datafield><datafield ind1=" " ind2=" " tag="830"><subfield code="a">Linguistische Arbeiten</subfield><subfield code="p">Niemeyer</subfield><subfield code="v">82</subfield><subfield code="w">(RERO)0036629-41slsp</subfield></datafield><datafield ind1=" " ind2=" " tag="900"><subfield code="a">REROnoselfmerge</subfield></datafield><datafield ind1=" " ind2=" " tag="900"><subfield code="a">IDSZRMedeaZBZ</subfield></datafield></record>
</metadata></record>