<record><header><identifier>oai:alma.41SLSP_UGE:991000790629705502</identifier><datestamp>2024-03-09T01:30:12Z</datestamp><setSpec>uge_bcen_RapidILL_BOOK</setSpec><setSpec>uge_aaca_RapidILL_BOOK</setSpec><setSpec>uge_abels_RapidILL_BOOK</setSpec><setSpec>uge_dbu_RapidILL_BOOK</setSpec><setSpec>uge_cmu_RapidILL_BOOK</setSpec><setSpec>uge_mail_RapidILL_BOOK</setSpec><setSpec>uge_abbat_RapidILL_BOOK</setSpec><setSpec>UNIGE_ALL</setSpec><setSpec>uge_acar_RapidILL_BOOK</setSpec><setSpec>uge_aobs_RapidILL_BOOK</setSpec></header><metadata>
<record xmlns="http://www.loc.gov/MARC21/slim" xmlns:xsi="http://www.w3.org/2001/XMLSchema-instance" xsi:schemaLocation="http://www.loc.gov/MARC21/slim http://www.loc.gov/standards/marcxml/schema/MARC21slim.xsd"><leader>02088nam a2200541uc 4500</leader><controlfield tag="001">991000790629705502</controlfield><controlfield tag="005">20240308213655.0</controlfield><controlfield tag="008">201012t19871987gw            00| | ger d</controlfield><datafield ind1=" " ind2=" " tag="020"><subfield code="a">3476006255</subfield></datafield><datafield ind1=" " ind2=" " tag="035"><subfield code="a">(swissbib)240948092-41slsp_network</subfield></datafield><datafield ind1=" " ind2=" " tag="035"><subfield code="a">240948092</subfield><subfield code="9">ExL</subfield></datafield><datafield ind1=" " ind2=" " tag="035"><subfield code="a">(IDSBB)000322992DSV01</subfield></datafield><datafield ind1=" " ind2=" " tag="035"><subfield code="a">(NEBIS)001033832EBI01</subfield></datafield><datafield ind1=" " ind2=" " tag="035"><subfield code="a">(RERO)0906821-41slsp</subfield></datafield><datafield ind1=" " ind2=" " tag="035"><subfield code="a">(ABN)000016896ABN01</subfield></datafield><datafield ind1=" " ind2=" " tag="035"><subfield code="a">(EXLNZ-41SLSP_NETWORK)991042638689705501</subfield></datafield><datafield ind1=" " ind2=" " tag="040"><subfield code="a">SzZuIDS BS/BE A100</subfield><subfield code="b">ger</subfield><subfield code="e">kids</subfield><subfield code="d">CH-ZuSLS</subfield></datafield><datafield ind1=" " ind2="7" tag="072"><subfield code="a">nd</subfield><subfield code="2">SzZuIDS BS/BE</subfield></datafield><datafield ind1=" " ind2="7" tag="072"><subfield code="a">al</subfield><subfield code="2">rero</subfield></datafield><datafield ind1="0" ind2="4" tag="082"><subfield code="a">832/.5/09</subfield><subfield code="2">19</subfield></datafield><datafield ind1="1" ind2="4" tag="082"><subfield code="a">830</subfield><subfield code="2">15</subfield></datafield><datafield ind1=" " ind2=" " tag="084"><subfield code="a">AP 70800</subfield><subfield code="2">rvk</subfield></datafield><datafield ind1=" " ind2=" " tag="084"><subfield code="a">GE 5601</subfield><subfield code="2">rvk</subfield></datafield><datafield ind1=" " ind2=" " tag="084"><subfield code="a">GI 1794</subfield><subfield code="2">rvk</subfield></datafield><datafield ind1="1" ind2=" " tag="100"><subfield code="a">Steinmetz, Horst</subfield><subfield code="d">1934-2019</subfield><subfield code="0">(DE-588)12104582X</subfield><subfield code="6">880-01</subfield></datafield><datafield ind1="1" ind2=" " tag="880"><subfield code="6">100-01</subfield><subfield code="a">Steinmetz, Horst</subfield><subfield code="d">1934-....</subfield><subfield code="0">(IDREF)029687802</subfield><subfield code="4">cre</subfield></datafield><datafield ind1="1" ind2="0" tag="245"><subfield code="a">&lt;&lt;Das&gt;&gt; deutsche Drama von Gottsched bis Lessing</subfield><subfield code="b">ein historischer Überblick</subfield><subfield code="c">Horst Steinmetz</subfield></datafield><datafield ind1=" " ind2="1" tag="264"><subfield code="a">Stuttgart</subfield><subfield code="b">J. B. Metzler</subfield><subfield code="c">[1987]</subfield></datafield><datafield ind1=" " ind2="4" tag="264"><subfield code="c">© 1987</subfield></datafield><datafield ind1=" " ind2=" " tag="300"><subfield code="a">VIII, 140 S.</subfield><subfield code="c">22 cm</subfield></datafield><datafield ind1=" " ind2=" " tag="336"><subfield code="b">txt</subfield><subfield code="2">rdacontent</subfield></datafield><datafield ind1=" " ind2=" " tag="337"><subfield code="b">n</subfield><subfield code="2">rdamedia</subfield></datafield><datafield ind1=" " ind2=" " tag="338"><subfield code="b">nc</subfield><subfield code="2">rdacarrier</subfield></datafield><datafield ind1=" " ind2=" " tag="504"><subfield code="a">Bibliographie: S. 134-137</subfield></datafield><datafield ind1="1" ind2="0" tag="600"><subfield code="a">Gottsched, Johann Christoph</subfield><subfield code="d">1700-1766</subfield><subfield code="x">Criticism and interpretation</subfield></datafield><datafield ind1="1" ind2="0" tag="600"><subfield code="a">Lessing, Gotthold Ephraim</subfield><subfield code="d">1729-1781</subfield><subfield code="x">Criticism and interpretation</subfield></datafield><datafield ind1=" " ind2="7" tag="648"><subfield code="a">Geschichte 1680-1780</subfield><subfield code="2">gnd</subfield></datafield><datafield ind1=" " ind2="7" tag="650"><subfield code="a">Drama</subfield><subfield code="z">deutsches</subfield><subfield code="y">Geschichte 18. Jh</subfield><subfield code="2">idsbb</subfield></datafield><datafield ind1=" " ind2="7" tag="650"><subfield code="a">Deutsch</subfield><subfield code="0">(DE-588)4113292-0</subfield><subfield code="2">gnd</subfield></datafield><datafield ind1=" " ind2="7" tag="650"><subfield code="a">Drama</subfield><subfield code="0">(DE-588)4012899-4</subfield><subfield code="2">gnd</subfield></datafield><datafield ind1=" " ind2="0" tag="650"><subfield code="a">German drama</subfield><subfield code="y">18th century</subfield><subfield code="x">History and criticism</subfield></datafield><datafield ind1=" " ind2="0" tag="650"><subfield code="a">Theater</subfield><subfield code="z">Germany</subfield><subfield code="x">History</subfield><subfield code="y">18th century</subfield></datafield><datafield ind1=" " ind2="7" tag="650"><subfield code="a">18e siècle</subfield><subfield code="0">(IDREF)027794512</subfield><subfield code="2">idref</subfield></datafield><datafield ind1=" " ind2="7" tag="650"><subfield code="a">Théâtre (genre littéraire) allemand</subfield><subfield code="0">(IDREF)027889629</subfield><subfield code="2">idref</subfield></datafield><datafield ind1=" " ind2=" " tag="690"><subfield code="a">Deutsche Dramen / Geschichte, Kritik / Einzelne Zeiträume / 1980- ersch.</subfield><subfield code="2">uzb-Z9</subfield></datafield><datafield ind1="4" ind2=" " tag="856"><subfield code="3">Inhaltsverzeichnis</subfield><subfield code="u">http://www.ub.unibas.ch/tox/HBZ/HT003002519/PDF</subfield><subfield code="q">pdf</subfield></datafield><datafield ind1=" " ind2=" " tag="900"><subfield code="f">IDSU2medea</subfield></datafield><datafield ind1=" " ind2=" " tag="900"><subfield code="a">REROnoselfmerge</subfield></datafield><datafield ind1=" " ind2=" " tag="949"><subfield code="a">http://www.ub.unibas.ch/tox/HBZ/HT003002519/PDF</subfield></datafield></record>
</metadata></record>