<record><header><identifier>oai:alma.41SLSP_UGE:991000790729705502</identifier><datestamp>2024-11-15T01:10:16Z</datestamp><setSpec>uge_bcen_RapidILL_BOOK</setSpec><setSpec>uge_aaca_RapidILL_BOOK</setSpec><setSpec>uge_abels_RapidILL_BOOK</setSpec><setSpec>uge_dbu_RapidILL_BOOK</setSpec><setSpec>uge_cmu_RapidILL_BOOK</setSpec><setSpec>uge_mail_RapidILL_BOOK</setSpec><setSpec>uge_abbat_RapidILL_BOOK</setSpec><setSpec>UNIGE_ALL</setSpec><setSpec>uge_acar_RapidILL_BOOK</setSpec><setSpec>uge_aobs_RapidILL_BOOK</setSpec></header><metadata>
<record xmlns="http://www.loc.gov/MARC21/slim" xmlns:xsi="http://www.w3.org/2001/XMLSchema-instance" xsi:schemaLocation="http://www.loc.gov/MARC21/slim http://www.loc.gov/standards/marcxml/schema/MARC21slim.xsd"><leader>03628nam a2200829 c 4500</leader><controlfield tag="001">991000790729705502</controlfield><controlfield tag="005">20241114162753.0</controlfield><controlfield tag="008">201011s2002    gw ||||| |||| 00| ||ger d</controlfield><datafield ind1=" " ind2=" " tag="015"><subfield code="a">GFR-CIP-02,N31</subfield><subfield code="a">DNB-02,N31,0613</subfield></datafield><datafield ind1=" " ind2=" " tag="020"><subfield code="a">377571197X</subfield></datafield><datafield ind1="7" ind2=" " tag="024"><subfield code="a">http://catalogue.bnf.fr/ark:/12148/cb38983978t</subfield><subfield code="2">uri</subfield></datafield><datafield ind1=" " ind2=" " tag="035"><subfield code="a">(swissbib)220826897-41slsp_network</subfield></datafield><datafield ind1=" " ind2=" " tag="035"><subfield code="a">220826897</subfield><subfield code="9">ExL</subfield></datafield><datafield ind1=" " ind2=" " tag="035"><subfield code="a">(RERO)R003740744-41slsp</subfield></datafield><datafield ind1=" " ind2=" " tag="035"><subfield code="a">(NEBIS)004399662EBI01</subfield></datafield><datafield ind1=" " ind2=" " tag="035"><subfield code="a">(IDSBB)002855796DSV01</subfield></datafield><datafield ind1=" " ind2=" " tag="035"><subfield code="a">(SBT)000223306SBT01</subfield></datafield><datafield ind1=" " ind2=" " tag="035"><subfield code="a">(IDSLU)000334565ILU01</subfield></datafield><datafield ind1=" " ind2=" " tag="035"><subfield code="a">(CH-UniLiZuSLS)991044166849705501</subfield></datafield><datafield ind1=" " ind2=" " tag="035"><subfield code="a">(UNILI)000193122LLB01</subfield></datafield><datafield ind1=" " ind2=" " tag="035"><subfield code="a">(EXLNZ-41SLSP_NETWORK)991044166849705501</subfield></datafield><datafield ind1=" " ind2=" " tag="040"><subfield code="a">RERO geuarc</subfield><subfield code="d">CH-ZuSLS</subfield></datafield><datafield ind1="1" ind2=" " tag="041"><subfield code="a">ger</subfield><subfield code="h">fre</subfield></datafield><datafield ind1=" " ind2="7" tag="072"><subfield code="a">kh</subfield><subfield code="2">SzZuIDS BS/BE</subfield></datafield><datafield ind1=" " ind2="7" tag="072"><subfield code="a">ba</subfield><subfield code="2">rero</subfield></datafield><datafield ind1=" " ind2=" " tag="084"><subfield code="a">47</subfield><subfield code="2">sdnb</subfield></datafield><datafield ind1=" " ind2=" " tag="084"><subfield code="a">9,10</subfield><subfield code="2">ssgn</subfield></datafield><datafield ind1=" " ind2=" " tag="084"><subfield code="a">LH 67320</subfield><subfield code="2">rvk</subfield></datafield><datafield ind1=" " ind2=" " tag="084"><subfield code="a">ZH 3780</subfield><subfield code="2">rvk</subfield></datafield><datafield ind1="1" ind2=" " tag="100"><subfield code="6">880-01</subfield><subfield code="a">Hervé, Lucien</subfield><subfield code="d">1910-2007</subfield><subfield code="0">(IDREF)058011579</subfield><subfield code="4">cre</subfield></datafield><datafield ind1="1" ind2=" " tag="880"><subfield code="a">Hervé, Lucien</subfield><subfield code="d">1910-2007</subfield><subfield code="0">(DE-588)119266725</subfield><subfield code="6">100-01</subfield></datafield><datafield ind1="1" ind2="0" tag="245"><subfield code="a">Lucien Hervé</subfield><subfield code="c">[éd.] Olivier Beer</subfield></datafield><datafield ind1=" " ind2="1" tag="264"><subfield code="a">Ostfildern-Ruit</subfield><subfield code="b">Hatje Cantz</subfield><subfield code="c">[2002]</subfield></datafield><datafield ind1=" " ind2="4" tag="264"><subfield code="c">© 2002</subfield></datafield><datafield ind1=" " ind2=" " tag="300"><subfield code="a">223 S.</subfield><subfield code="b">z.T. farbige Ill.</subfield><subfield code="c">31 cm</subfield></datafield><datafield ind1=" " ind2=" " tag="336"><subfield code="b">txt</subfield><subfield code="2">rdacontent</subfield></datafield><datafield ind1=" " ind2=" " tag="337"><subfield code="b">n</subfield><subfield code="2">rdamedia</subfield></datafield><datafield ind1=" " ind2=" " tag="338"><subfield code="b">nc</subfield><subfield code="2">rdacarrier</subfield></datafield><datafield ind1=" " ind2=" " tag="500"><subfield code="a">Ouvrage publié à l'occasion de l'exposition &quot;Lucien Hervé zwischen Fotografie und Architektur&quot; qui s'est tenue à Hambourg, Deichtorhallen, du 10 octobre 2002 au 12 janvier 2003</subfield></datafield><datafield ind1=" " ind2=" " tag="500"><subfield code="a">Exposition. Hamburg. Deichtorhallen. 2002-2003</subfield></datafield><datafield ind1=" " ind2=" " tag="500"><subfield code="a">Ausstellung &quot;Lucien Hervé: zwischen Fotografie und Architektur&quot;, Deichtorhallen Hamburg, 10. Oktober 2002 - 12. Januar 2003</subfield></datafield><datafield ind1=" " ind2=" " tag="500"><subfield code="a">Katalogbuch zur Ausstellung: Deichtorhallen Hamburg, 10. Oktober 2002 - 12. Januar 2003</subfield></datafield><datafield ind1=" " ind2=" " tag="500"><subfield code="a">Pubblicato in occasione della mostra &quot;Lucien Hervé: zwischen Fotografie und Architektur&quot;, Deichtorhallen Hamburg, dal 10 ottobre 2002 al 12 gennaio 2003</subfield></datafield><datafield ind1=" " ind2=" " tag="500"><subfield code="a">Titolo originale: Lucien Hervé: l'homme construit</subfield></datafield><datafield ind1=" " ind2=" " tag="500"><subfield code="a">Ausstellungskatalog</subfield></datafield><datafield ind1=" " ind2=" " tag="504"><subfield code="a">Bibliogr.: p. 214-218</subfield></datafield><datafield ind1="1" ind2="7" tag="600"><subfield code="a">Hervé, Lucien</subfield><subfield code="d">1910-2007</subfield><subfield code="0">(IDREF)058011579</subfield><subfield code="2">idref</subfield></datafield><datafield ind1="0" ind2="4" tag="600"><subfield code="a">Le Corbusier</subfield><subfield code="d">1887-1965</subfield><subfield code="0">(DE-588)118676873</subfield></datafield><datafield ind1="1" ind2="4" tag="600"><subfield code="a">Hervé, Lucien</subfield><subfield code="d">1910-2007</subfield><subfield code="0">(DE-588)119266725</subfield></datafield><datafield ind1="0" ind2="7" tag="600"><subfield code="a">Le Corbusier</subfield><subfield code="d">1887-1965</subfield><subfield code="0">(DE-588)118676873</subfield><subfield code="2">gnd</subfield></datafield><datafield ind1="1" ind2="7" tag="600"><subfield code="a">Hervé, Lucien</subfield><subfield code="v">Ausstellungskatalog</subfield><subfield code="2">idsbb</subfield></datafield><datafield ind1="1" ind2="7" tag="600"><subfield code="a">Hervé, Lucien</subfield><subfield code="x">Cataloghi di esposizioni</subfield><subfield code="2">sbt12</subfield></datafield><datafield ind1=" " ind2="7" tag="650"><subfield code="a">ARCHITEKTURPHOTOGRAPHIE (PHOTOGRAPHIE)</subfield><subfield code="9">ger</subfield><subfield code="0">(ETHUDK)000035881</subfield><subfield code="2">ethudk</subfield></datafield><datafield ind1=" " ind2="7" tag="650"><subfield code="a">Architekturphotographie</subfield><subfield code="v">Ausstellungskatalog</subfield><subfield code="2">idsbb</subfield></datafield><datafield ind1=" " ind2="7" tag="655"><subfield code="a">Photographie</subfield><subfield code="0">(IDREF)028224248</subfield><subfield code="2">idref</subfield></datafield><datafield ind1=" " ind2="7" tag="655"><subfield code="a">Ausstellungskatalog</subfield><subfield code="z">Hamburg</subfield><subfield code="y">2002-2003</subfield><subfield code="2">gnd-content</subfield></datafield><datafield ind1=" " ind2=" " tag="690"><subfield code="a">Hamburg</subfield><subfield code="x">Ausstellung</subfield><subfield code="x">Deichtorhallen</subfield><subfield code="2">nebis-E4</subfield></datafield><datafield ind1=" " ind2=" " tag="690"><subfield code="a">Frankreich</subfield><subfield code="x">Photographie</subfield><subfield code="x">20.Jh.</subfield><subfield code="2">nebis-E4</subfield></datafield><datafield ind1=" " ind2=" " tag="690"><subfield code="a">Architekturphotographie</subfield><subfield code="x">20.Jh.</subfield><subfield code="2">nebis-E4</subfield></datafield><datafield ind1=" " ind2=" " tag="690"><subfield code="a">Le Corbusier</subfield><subfield code="d">1887-1965</subfield><subfield code="2">nebis-E5</subfield></datafield><datafield ind1=" " ind2=" " tag="690"><subfield code="a">Hervé, Lucien</subfield><subfield code="d">1910-2007</subfield><subfield code="2">nebis-E5</subfield></datafield><datafield ind1=" " ind2=" " tag="690"><subfield code="a">Architektur</subfield><subfield code="2">rzs-L3</subfield></datafield><datafield ind1=" " ind2=" " tag="690"><subfield code="a">Photographie</subfield><subfield code="2">rzs-L3</subfield></datafield><datafield ind1=" " ind2=" " tag="690"><subfield code="a">Fotografinnen und Fotografen</subfield><subfield code="2">rzs-L3</subfield></datafield><datafield ind1=" " ind2=" " tag="691"><subfield code="e">770.032</subfield><subfield code="2">usi-TM</subfield></datafield><datafield ind1="1" ind2=" " tag="700"><subfield code="a">Gutberlet, Caroline</subfield></datafield><datafield ind1="1" ind2=" " tag="700"><subfield code="a">Beer, Olivier</subfield><subfield code="0">(IDREF)059221208</subfield></datafield><datafield ind1="2" ind2=" " tag="710"><subfield code="a">Deichtorhallen Hamburg</subfield><subfield code="0">(DE-588)2108460-9</subfield></datafield><datafield ind1=" " ind2=" " tag="911"><subfield code="a">Deichtorhallen (Hamburg)</subfield><subfield code="e">Museum</subfield></datafield><datafield ind1=" " ind2=" " tag="911"><subfield code="a">Gutberlet, Caroline</subfield><subfield code="e">Übersetzerin/Übersetzer</subfield></datafield><datafield ind1=" " ind2=" " tag="911"><subfield code="a">Hervé, Lucien</subfield><subfield code="e">Photografin/Photograf</subfield></datafield><datafield ind1=" " ind2=" " tag="911"><subfield code="a">Beer, Olivier</subfield><subfield code="e">Herausgeberin/Herausgeber</subfield></datafield><datafield ind1=" " ind2=" " tag="911"><subfield code="a">Gutberlet, Caroline</subfield><subfield code="e">Übers</subfield></datafield></record>
</metadata></record>