<record><header><identifier>oai:alma.41SLSP_UGE:991000790139705502</identifier><datestamp>2023-06-24T00:28:14Z</datestamp><setSpec>UNIGE_ALL</setSpec></header><metadata>
<record xmlns="http://www.loc.gov/MARC21/slim" xmlns:xsi="http://www.w3.org/2001/XMLSchema-instance" xsi:schemaLocation="http://www.loc.gov/MARC21/slim http://www.loc.gov/standards/marcxml/schema/MARC21slim.xsd"><leader>03096ngm a2200397 c 4500</leader><controlfield tag="001">991000790139705502</controlfield><controlfield tag="005">20230623141027.0</controlfield><controlfield tag="007">vd#|v||||</controlfield><controlfield tag="008">130415s2012    sz ||| |          v|fre d</controlfield><datafield ind1=" " ind2=" " tag="035"><subfield code="a">(swissbib)117223743-41slsp_network</subfield></datafield><datafield ind1=" " ind2=" " tag="035"><subfield code="a">117223743</subfield><subfield code="9">ExL</subfield></datafield><datafield ind1=" " ind2=" " tag="035"><subfield code="a">(RERO)R007276113-41slsp</subfield></datafield><datafield ind1=" " ind2=" " tag="035"><subfield code="a">(EXLNZ-41SLSP_NETWORK)991083204889705501</subfield></datafield><datafield ind1=" " ind2=" " tag="040"><subfield code="a">RERO geumem</subfield><subfield code="d">CH-ZuSLS</subfield></datafield><datafield ind1=" " ind2=" " tag="044"><subfield code="a">sz</subfield><subfield code="c">ch-ge</subfield></datafield><datafield ind1=" " ind2="7" tag="072"><subfield code="a">ur</subfield><subfield code="2">rero</subfield></datafield><datafield ind1=" " ind2="7" tag="072"><subfield code="a">ht</subfield><subfield code="2">rero</subfield></datafield><datafield ind1="0" ind2="0" tag="245"><subfield code="a">Tous aux abris</subfield><subfield code="c">réal. Cédric Comtesse, Frédéric Zimmermann</subfield></datafield><datafield ind1=" " ind2="1" tag="264"><subfield code="a">[Genève]</subfield><subfield code="b">Pandora-RTS [prod]</subfield><subfield code="c">2012</subfield></datafield><datafield ind1=" " ind2=" " tag="300"><subfield code="a">1 DVD-R (72 min.)</subfield></datafield><datafield ind1=" " ind2=" " tag="336"><subfield code="b">tdi</subfield><subfield code="2">rdacontent</subfield></datafield><datafield ind1=" " ind2=" " tag="337"><subfield code="b">v</subfield><subfield code="2">rdamedia</subfield></datafield><datafield ind1=" " ind2=" " tag="338"><subfield code="b">vd</subfield><subfield code="2">rdacarrier</subfield></datafield><datafield ind1=" " ind2=" " tag="385"><subfield code="a">Harmos10</subfield><subfield code="2">rero</subfield></datafield><datafield ind1=" " ind2=" " tag="385"><subfield code="a">Harmos11</subfield><subfield code="2">rero</subfield></datafield><datafield ind1=" " ind2=" " tag="385"><subfield code="a">Degré secondaire 2</subfield><subfield code="2">rero</subfield></datafield><datafield ind1="0" ind2=" " tag="490"><subfield code="a">Histoire vivante</subfield></datafield><datafield ind1=" " ind2=" " tag="500"><subfield code="a">Diffusé sur RTSdeux, le 24 mars 2013</subfield></datafield><datafield ind1=" " ind2=" " tag="500"><subfield code="a">Images d'archives de provenances diverses</subfield></datafield><datafield ind1="8" ind2=" " tag="520"><subfield code="a">Au début de la guerre froide, la Suisse envisage de se doter de l'arme atomique mais les mouvements pacifistes s'y opposent. Par la suite, le programme nucléaire civil est lancé, donnant naissance aux associations anti-nucléaires. Retour sur plusieurs décennies d'affrontements entre partisans et adversaires de l'atome en Suisse. Dès 1945, dans un contexte de guerre froide, la Suisse construit des milliers d'abris de protection civile, en prévision d'un conflit atomique. Début 2011, la peur d'une guerre nucléaire est passée de mode. Le Parlement supprime l'obligation de construire des abris. Le 11 mars 2011, 25 ans après Tchernobyl, un séisme et un tsunami plongent le Japon au bord de l'apocalypse nucléaire. La catastrophe de Fukushima choque l'opinion publique. La sauvegarde de l'environnement redevient la première préoccupation des Suisses. Les antinucléaires se rassemblent à nouveau en mars à Genève et en mai à Beznau où 20'000 personnes manifestent devant la plus vieille centrale de Suisse. En juin 2011, une motion contre la construction de nouvelles centrales est acceptée. Les Chambres approuvent le principe, mais restent floues au sujet de la recherche nucléaire et de la transition énergétique. L'accident de Fukushima a donné un coup d'arrêt à la filière nucléaire suisse. Toutefois, rappelons que des citoyens helvétiques se sont opposés à l'atome dans le but d'éviter un scénario apocalyptique. Parmi eux : Robert Cramer, Christian Van Singer, Philippe Roch, Chaïm Nissim, Anne-Cécile Reinmann, Ueli Leuenberger, Pierre Vanek, Daniel de Roulet, Pierre Lehmann, Michel Renaud ou Ivo Rens, qui témoignent de leur odyssée antinucléaire au fil de ce documentaire... très bien documenté (RTS)</subfield><subfield code="5">RERO/frvhep/04.2014</subfield></datafield><datafield ind1=" " ind2="7" tag="650"><subfield code="a">Abris antiatomiques</subfield><subfield code="0">(IDREF)027566714</subfield><subfield code="2">idref</subfield></datafield><datafield ind1=" " ind2="7" tag="650"><subfield code="a">Armes nucléaires</subfield><subfield code="0">(IDREF)027339084</subfield><subfield code="2">idref</subfield></datafield><datafield ind1=" " ind2="7" tag="650"><subfield code="a">Énergie nucléaire</subfield><subfield code="0">(IDREF)027233219</subfield><subfield code="2">idref</subfield></datafield><datafield ind1=" " ind2="7" tag="651"><subfield code="a">Suisse</subfield><subfield code="0">(IDREF)027249654</subfield><subfield code="2">idref</subfield></datafield><datafield ind1=" " ind2="7" tag="655"><subfield code="a">DVD</subfield><subfield code="0">(IDREF)035108444</subfield><subfield code="2">idref</subfield></datafield><datafield ind1="1" ind2=" " tag="700"><subfield code="a">Comtesse, Cédric</subfield><subfield code="0">(IDREF)057661561</subfield></datafield><datafield ind1="1" ind2=" " tag="700"><subfield code="a">Zimmermann, Frédéric</subfield><subfield code="d">19..-....</subfield><subfield code="0">(IDREF)270669116</subfield></datafield></record>
</metadata></record>