<record><header><identifier>oai:alma.41SLSP_UGE:991000790349705502</identifier><datestamp>2023-03-01T01:09:29Z</datestamp><setSpec>uge_bcen_RapidILL_BOOK</setSpec><setSpec>uge_aaca_RapidILL_BOOK</setSpec><setSpec>uge_abels_RapidILL_BOOK</setSpec><setSpec>uge_dbu_RapidILL_BOOK</setSpec><setSpec>uge_cmu_RapidILL_BOOK</setSpec><setSpec>uge_mail_RapidILL_BOOK</setSpec><setSpec>UNIGE_ALL</setSpec><setSpec>uge_abbat_RapidILL_BOOK</setSpec><setSpec>uge_aobs_RapidILL_BOOK</setSpec><setSpec>uge_acar_RapidILL_BOOK</setSpec></header><metadata>
<record xmlns="http://www.loc.gov/MARC21/slim" xmlns:xsi="http://www.w3.org/2001/XMLSchema-instance" xsi:schemaLocation="http://www.loc.gov/MARC21/slim http://www.loc.gov/standards/marcxml/schema/MARC21slim.xsd"><leader>01068nam a2200313 c 4500</leader><controlfield tag="001">991000790349705502</controlfield><controlfield tag="005">20201230231658.0</controlfield><controlfield tag="008">201011t19861986xxu||||| |||| 00| ||eng d</controlfield><datafield ind1=" " ind2=" " tag="020"><subfield code="a">0800621093</subfield><subfield code="q">geb.</subfield></datafield><datafield ind1=" " ind2=" " tag="020"><subfield code="a">0800619099</subfield><subfield code="q">pbk.</subfield></datafield><datafield ind1=" " ind2=" " tag="035"><subfield code="a">(swissbib)228650321-41slsp_network</subfield></datafield><datafield ind1=" " ind2=" " tag="035"><subfield code="a">228650321</subfield><subfield code="9">ExL</subfield></datafield><datafield ind1=" " ind2=" " tag="035"><subfield code="a">(RERO)0836211-41slsp</subfield></datafield><datafield ind1=" " ind2=" " tag="035"><subfield code="a">(IDSBB)000736567DSV01</subfield></datafield><datafield ind1=" " ind2=" " tag="035"><subfield code="a">(EXLNZ-41SLSP_NETWORK)991082600559705501</subfield></datafield><datafield ind1=" " ind2=" " tag="040"><subfield code="a">RERO labcud</subfield><subfield code="d">CH-ZuSLS</subfield></datafield><datafield ind1=" " ind2="7" tag="072"><subfield code="a">th</subfield><subfield code="2">rero</subfield></datafield><datafield ind1=" " ind2="7" tag="072"><subfield code="a">th</subfield><subfield code="2">SzZuIDS BS/BE</subfield></datafield><datafield ind1="1" ind2=" " tag="100"><subfield code="a">Crossan, John Dominic</subfield><subfield code="6">880-01</subfield></datafield><datafield ind1="1" ind2=" " tag="880"><subfield code="a">Crossan, John Dominic</subfield><subfield code="0">(RERO)A003145066</subfield><subfield code="6">100-01</subfield></datafield><datafield ind1="1" ind2="0" tag="245"><subfield code="a">Sayings parallels</subfield><subfield code="b">a workbook for the Jesus tradition</subfield><subfield code="c">designed and ed. by John Dominic Crossan</subfield></datafield><datafield ind1=" " ind2="1" tag="264"><subfield code="a">Philadelphia</subfield><subfield code="b">Fortress Press</subfield><subfield code="c">[1986]</subfield></datafield><datafield ind1=" " ind2="4" tag="264"><subfield code="c">© 1986</subfield></datafield><datafield ind1=" " ind2=" " tag="300"><subfield code="a">XX, 233 p.</subfield><subfield code="b">ill.</subfield><subfield code="c">24 cm</subfield></datafield><datafield ind1=" " ind2=" " tag="336"><subfield code="b">txt</subfield><subfield code="2">rdacontent</subfield></datafield><datafield ind1=" " ind2=" " tag="337"><subfield code="b">n</subfield><subfield code="2">rdamedia</subfield></datafield><datafield ind1=" " ind2=" " tag="338"><subfield code="b">nc</subfield><subfield code="2">rdacarrier</subfield></datafield><datafield ind1="1" ind2=" " tag="490"><subfield code="a">Foundations and facets. New Testament</subfield><subfield code="v">[vol. 7]</subfield></datafield><datafield ind1=" " ind2=" " tag="830"><subfield code="a">Foundations and facets</subfield><subfield code="p">New Testament</subfield><subfield code="v">[ 7]</subfield><subfield code="w">(RERO)0804834-41slsp</subfield></datafield><datafield ind1=" " ind2=" " tag="900"><subfield code="a">REROnoselfmerge</subfield></datafield></record>
</metadata></record>