<record><header><identifier>oai:alma.41SLSP_UGE:991000790459705502</identifier><datestamp>2024-03-28T01:22:22Z</datestamp><setSpec>UNIGE_audiovisuel</setSpec><setSpec>UNIGE_ALL</setSpec></header><metadata>
<record xmlns="http://www.loc.gov/MARC21/slim" xmlns:xsi="http://www.w3.org/2001/XMLSchema-instance" xsi:schemaLocation="http://www.loc.gov/MARC21/slim http://www.loc.gov/standards/marcxml/schema/MARC21slim.xsd"><leader>04287ngm a2200541 c 4500</leader><controlfield tag="001">991000790459705502</controlfield><controlfield tag="005">20240327203950.0</controlfield><controlfield tag="007">vd#|v||||</controlfield><controlfield tag="008">201011s2014    fr ||| |          v|fre d</controlfield><datafield ind1="4" ind2="2" tag="028"><subfield code="a">980100</subfield></datafield><datafield ind1=" " ind2=" " tag="035"><subfield code="a">(swissbib)213621398-41slsp_network</subfield></datafield><datafield ind1=" " ind2=" " tag="035"><subfield code="a">213621398</subfield><subfield code="9">ExL</subfield></datafield><datafield ind1=" " ind2=" " tag="035"><subfield code="a">(RERO)R007683998-41slsp</subfield></datafield><datafield ind1=" " ind2=" " tag="035"><subfield code="a">(NEBIS)010998678EBI01</subfield></datafield><datafield ind1=" " ind2=" " tag="035"><subfield code="a">(IDSLU)001172733ILU01</subfield></datafield><datafield ind1=" " ind2=" " tag="035"><subfield code="a">(EXLNZ-41SLSP_NETWORK)991147669769705501</subfield></datafield><datafield ind1=" " ind2=" " tag="040"><subfield code="a">RERO vdbcul</subfield><subfield code="d">CH-ZuSLS</subfield></datafield><datafield ind1="1" ind2=" " tag="041"><subfield code="a">fre</subfield><subfield code="h">fre</subfield><subfield code="j">fre</subfield><subfield code="j">eng</subfield></datafield><datafield ind1=" " ind2="7" tag="072"><subfield code="a">ba</subfield><subfield code="2">rero</subfield></datafield><datafield ind1="0" ind2="0" tag="245"><subfield code="a">&lt;&lt;Les&gt;&gt; garçons et Guillaume, à table!</subfield><subfield code="c">un film écrit, réal. et interpr. par Guillaume Gallienne ; musique originale Marie-Jeanne Serero ; prod. par Edouard Weil ... [et al.]</subfield></datafield><datafield ind1=" " ind2="1" tag="264"><subfield code="a">[Neuilly-sur-Seine]</subfield><subfield code="b">Gaumont</subfield><subfield code="c">[2014]</subfield></datafield><datafield ind1=" " ind2=" " tag="300"><subfield code="a">1 DVD-Video (ca. 83 Min)</subfield></datafield><datafield ind1=" " ind2=" " tag="336"><subfield code="b">tdi</subfield><subfield code="2">rdacontent</subfield></datafield><datafield ind1=" " ind2=" " tag="337"><subfield code="b">v</subfield><subfield code="2">rdamedia</subfield></datafield><datafield ind1=" " ind2=" " tag="338"><subfield code="b">vd</subfield><subfield code="2">rdacarrier</subfield></datafield><datafield ind1=" " ind2=" " tag="385"><subfield code="a">Dès 14 ans</subfield><subfield code="2">rero</subfield></datafield><datafield ind1=" " ind2=" " tag="500"><subfield code="a">Une prod.: LGM Films - Rectangle Prod. - Don't be Shy Prod. - France 3 Cinéma etc., cop. 2013</subfield></datafield><datafield ind1=" " ind2=" " tag="500"><subfield code="a">Durée du film: ca. 85 min.</subfield></datafield><datafield ind1=" " ind2=" " tag="500"><subfield code="a">Langue: Français. Sous-titres: Français pour sourds et malentendants</subfield></datafield><datafield ind1=" " ind2=" " tag="500"><subfield code="a">Bonus: De la scène à L'écran (40 min)</subfield></datafield><datafield ind1=" " ind2=" " tag="500"><subfield code="a">A obtenu 5 Césars en 2014 : Meilleur acteur, meilleur film, meilleur premier film, meilleur adaptation, meilleur montage</subfield></datafield><datafield ind1="0" ind2=" " tag="505"><subfield code="a">De la scène à l'écran / documentaire de Patrick Fabre (40')</subfield></datafield><datafield ind1=" " ind2=" " tag="508"><subfield code="a">Photogr. Glynn Speeckaert ; montage Valérie Deseine ; décors Sylvie Olive ; costumes Olivier Beriot, Laurence Chalou</subfield></datafield><datafield ind1="0" ind2=" " tag="511"><subfield code="a">Guillaume Gallienne ; André Marcon ; Françoise Fabian ; Nanou Garcia ... et al.</subfield></datafield><datafield ind1="8" ind2=" " tag="520"><subfield code="a">Comédie</subfield><subfield code="5">RERO/necfbv/04.2014/3544</subfield></datafield><datafield ind1="8" ind2=" " tag="520"><subfield code="a">Les Garçons et Guillaume, à table! est une comédie écrite, réalisée et interprétée par Guillaume Gallienne, qui joue en outre deux rôles contrastés, celui de l'enfant et de l'adolescent qu'il a sans doute été (même si le film ne prétend pas à la vérité biographique) et celui de sa propre mère. Il est vrai que le jeune adolescent est le sujet d'une confusion sexuelle troublante puisqu'il est persuadé d'être une fille, confusion que sa mère entretient par de multiples signes comme le fait de l'appeler &quot;ma chérie&quot;. Si le film tire largement parti des effets comiques induits par une telle inversion, il retrace surtout l'évolution complexe de son personnage principal, confronté à un entourage peu compréhensif et bientôt amené à s'interroger sur sa propre identité. En cela, cette situation qui pourrait sembler exceptionnelle pose à tous les spectateurs la question de la formation de l'identité individuelle qui, loin d'être naturelle, est construite à travers des normes sociales qui définissent ce qui est supposé normal pour un garçon et non pour une fille. Le film souligne aussi la part importante de l'imitation dans cette construction, imitation qui est le plus souvent inconsciente,on cherche vaguement à ressembler à tel ou tel adulte qu'on admire, mais qui prend chez Guillaume une forme tout à fait explicite. Dans une perspective pédagogique, ce film permet donc d'aborder des thématiques importantes sur la formation psychologique des identités individuelles mais également sur la définition sociale des rôles masculins et féminins. Mais le film ne se limite pas à cette seule dimension et se présente avant tout comme une comédie particulièrement réussie. (www.lesgrignoux.be)</subfield><subfield code="5">RERO/njhep-/05.2014/3810</subfield></datafield><datafield ind1=" " ind2=" " tag="538"><subfield code="a">DVD, PAL, région 2</subfield></datafield><datafield ind1=" " ind2=" " tag="546"><subfield code="a">Langue: français ; sous-titres: anglais, français pour sourds et malentendants</subfield></datafield><datafield ind1=" " ind2="7" tag="650"><subfield code="a">AUTOBIOGRAPHIES</subfield><subfield code="9">fre</subfield><subfield code="0">(ETHUDK)000036790</subfield><subfield code="2">ethudk</subfield></datafield><datafield ind1=" " ind2="7" tag="650"><subfield code="a">COMÉDIES CINÉMATOGRAPHIQUES (CINÉMATOGRAPHIE)</subfield><subfield code="9">fre</subfield><subfield code="0">(ETHUDK)000036024</subfield><subfield code="2">ethudk</subfield></datafield><datafield ind1=" " ind2="7" tag="655"><subfield code="a">DVD-Video</subfield><subfield code="2">gnd-carrier</subfield></datafield><datafield ind1=" " ind2="7" tag="655"><subfield code="a">Spielfilm</subfield><subfield code="2">gnd-content</subfield></datafield><datafield ind1="1" ind2=" " tag="700"><subfield code="a">Marcon, André</subfield><subfield code="d">1948-</subfield><subfield code="0">(DE-588)1060703114</subfield><subfield code="e">acteur</subfield><subfield code="4">act</subfield></datafield><datafield ind1="1" ind2=" " tag="700"><subfield code="a">Fabian, Françoise</subfield><subfield code="d">1932-</subfield><subfield code="0">(DE-588)132237385</subfield><subfield code="e">acteur</subfield><subfield code="4">act</subfield></datafield><datafield ind1="1" ind2=" " tag="700"><subfield code="a">Garcia, Nanou</subfield><subfield code="e">acteur</subfield><subfield code="4">act</subfield></datafield><datafield ind1="1" ind2=" " tag="700"><subfield code="a">Séréro, Marie-Jeanne</subfield><subfield code="d">19..-....</subfield><subfield code="0">(IDREF)079490697</subfield></datafield><datafield ind1="1" ind2=" " tag="700"><subfield code="a">Weil, Edouard</subfield><subfield code="0">(RERO)A011605366</subfield></datafield><datafield ind1="1" ind2=" " tag="700"><subfield code="a">Gallienne, Guillaume</subfield><subfield code="d">1972-....</subfield><subfield code="0">(IDREF)128053860</subfield></datafield><datafield ind1=" " ind2=" " tag="900"><subfield code="a">REROnoselfmerge</subfield></datafield><datafield ind1=" " ind2=" " tag="960"><subfield code="2">mots-clés UNIGE</subfield><subfield code="a">identité sexuelle ; homosexualité</subfield><subfield code="9">LOCAL</subfield></datafield><datafield ind1=" " ind2=" " tag="990"><subfield code="a">cinemed</subfield><subfield code="9">LOCAL</subfield></datafield></record>
</metadata></record>