<record><header><identifier>oai:alma.41SLSP_UGE:991000790669705502</identifier><datestamp>2023-05-03T00:23:42Z</datestamp><setSpec>uge_bcen_RapidILL_BOOK</setSpec><setSpec>uge_aaca_RapidILL_BOOK</setSpec><setSpec>uge_abels_RapidILL_BOOK</setSpec><setSpec>uge_dbu_RapidILL_BOOK</setSpec><setSpec>uge_cmu_RapidILL_BOOK</setSpec><setSpec>uge_mail_RapidILL_BOOK</setSpec><setSpec>uge_abbat_RapidILL_BOOK</setSpec><setSpec>UNIGE_ALL</setSpec><setSpec>uge_acar_RapidILL_BOOK</setSpec><setSpec>uge_aobs_RapidILL_BOOK</setSpec></header><metadata>
<record xmlns="http://www.loc.gov/MARC21/slim" xmlns:xsi="http://www.w3.org/2001/XMLSchema-instance" xsi:schemaLocation="http://www.loc.gov/MARC21/slim http://www.loc.gov/standards/marcxml/schema/MARC21slim.xsd"><leader>02245nam a2200493 c 4500</leader><controlfield tag="001">991000790669705502</controlfield><controlfield tag="005">20230502193339.0</controlfield><controlfield tag="008">090922m20092016it ||||| |||| 00| ||ita d</controlfield><datafield ind1=" " ind2=" " tag="020"><subfield code="a">9788849516531</subfield><subfield code="q">vol. 1</subfield></datafield><datafield ind1=" " ind2=" " tag="020"><subfield code="a">9788849521146</subfield><subfield code="q">vol. 2</subfield></datafield><datafield ind1=" " ind2=" " tag="020"><subfield code="a">9788849521252</subfield><subfield code="q">vol. 3</subfield></datafield><datafield ind1=" " ind2=" " tag="020"><subfield code="a">9788899376741</subfield><subfield code="q">vol. 4</subfield></datafield><datafield ind1=" " ind2=" " tag="020"><subfield code="a">9788899376758</subfield><subfield code="q">vol. 5</subfield></datafield><datafield ind1="7" ind2=" " tag="024"><subfield code="a">http://catalogue.bnf.fr/ark:/12148/cb414511465</subfield><subfield code="2">uri</subfield></datafield><datafield ind1=" " ind2=" " tag="035"><subfield code="a">(swissbib)108438694-41slsp_network</subfield></datafield><datafield ind1=" " ind2=" " tag="035"><subfield code="a">108438694</subfield><subfield code="9">ExL</subfield></datafield><datafield ind1=" " ind2=" " tag="035"><subfield code="a">(RERO)R005171785-41slsp</subfield></datafield><datafield ind1=" " ind2=" " tag="035"><subfield code="a">(EXLNZ-41SLSP_NETWORK)991025771019705501</subfield></datafield><datafield ind1=" " ind2=" " tag="040"><subfield code="a">RERO frbcuc</subfield><subfield code="d">CH-ZuSLS</subfield></datafield><datafield ind1=" " ind2="7" tag="072"><subfield code="a">it</subfield><subfield code="2">rero</subfield></datafield><datafield ind1=" " ind2="7" tag="072"><subfield code="a">th</subfield><subfield code="2">rero</subfield></datafield><datafield ind1="1" ind2="4" tag="082"><subfield code="a">850</subfield></datafield><datafield ind1="1" ind2=" " tag="100"><subfield code="a">Tosto, Francesco Diego</subfield><subfield code="0">(IDREF)136912702</subfield><subfield code="4">cre</subfield></datafield><datafield ind1="1" ind2="0" tag="245"><subfield code="a">&lt;&lt;La&gt;&gt; letteratura e il sacro</subfield><subfield code="c">Francesco Diego Tosto</subfield></datafield><datafield ind1=" " ind2="1" tag="264"><subfield code="a">Napoli</subfield><subfield code="b">Ed. scientifiche italiane</subfield><subfield code="a">Roma</subfield><subfield code="b">BastogiLibri</subfield><subfield code="c">2009-2016</subfield></datafield><datafield ind1=" " ind2=" " tag="300"><subfield code="a">5 vol.</subfield></datafield><datafield ind1=" " ind2=" " tag="336"><subfield code="b">txt</subfield><subfield code="2">rdacontent</subfield></datafield><datafield ind1=" " ind2=" " tag="337"><subfield code="b">n</subfield><subfield code="2">rdamedia</subfield></datafield><datafield ind1=" " ind2=" " tag="338"><subfield code="b">nc</subfield><subfield code="2">rdacarrier</subfield></datafield><datafield ind1="0" ind2=" " tag="505"><subfield code="a">Vol. 1: Storia, fonti, metodi (secc. XIX-XX)</subfield></datafield><datafield ind1="0" ind2=" " tag="505"><subfield code="a">Vol. 2: L'universo poetico (Ottocento e prima parte del Novecento)</subfield></datafield><datafield ind1="0" ind2=" " tag="505"><subfield code="a">Vol. 3: L'universo poetico (dalla secona matà del Novecento ai nostri giorni)</subfield></datafield><datafield ind1="0" ind2=" " tag="505"><subfield code="a">Vol. 4: Narrativa e teatro : (Ottocento e Novecento fino agli anni Sessanta) / prefazione di Antonio Di Grado ; presentazione di Antonio Spadaro. - 2016. - 614 p.</subfield></datafield><datafield ind1="0" ind2=" " tag="505"><subfield code="a">Vol. 5: Narrativa e teatro : dagli anni Settanta del Novecento fino ai nostri giorni / prefazione del Card. Gianfranco Ravasi ; intervista inedita a Ferruccio Parazzoli. - 2016. - 595 p.</subfield></datafield><datafield ind1=" " ind2="7" tag="650"><subfield code="a">Littérature italienne</subfield><subfield code="0">(IDREF)027806480</subfield><subfield code="2">idref</subfield></datafield><datafield ind1=" " ind2="7" tag="650"><subfield code="a">Sacré</subfield><subfield code="0">(IDREF)027410994</subfield><subfield code="2">idref</subfield></datafield><datafield ind1=" " ind2="7" tag="650"><subfield code="a">Roman italien</subfield><subfield code="0">(IDREF)028343077</subfield><subfield code="2">idref</subfield></datafield><datafield ind1=" " ind2="7" tag="650"><subfield code="a">Théâtre (genre littéraire) italien</subfield><subfield code="0">(IDREF)028242238</subfield><subfield code="2">idref</subfield></datafield><datafield ind1=" " ind2="7" tag="650"><subfield code="a">19e siècle-21e siècle (début)</subfield><subfield code="0">(RERO)A022565120</subfield><subfield code="2">rero</subfield></datafield><datafield ind1=" " ind2="7" tag="650"><subfield code="a">sacré (sentiment religieux)</subfield><subfield code="0">(RERO)A010144400</subfield><subfield code="2">rerovoc</subfield></datafield><datafield ind1=" " ind2="7" tag="650"><subfield code="a">19e siècle-20e siècle</subfield><subfield code="2">idref</subfield></datafield><datafield ind1=" " ind2="7" tag="650"><subfield code="a">littérature religieuse italienne</subfield><subfield code="0">(RERO)A010109364</subfield><subfield code="2">rerovoc</subfield></datafield><datafield ind1=" " ind2="7" tag="650"><subfield code="a">Poésie italienne</subfield><subfield code="0">(IDREF)027809781</subfield><subfield code="2">idref</subfield></datafield><datafield ind1=" " ind2="7" tag="655"><subfield code="a">[Études diverses]</subfield><subfield code="0">(RERO)A022249905</subfield><subfield code="2">rero</subfield></datafield><datafield ind1=" " ind2=" " tag="900"><subfield code="a">REROnoselfmerge</subfield></datafield><datafield ind1=" " ind2=" " tag="993"><subfield code="a">BFLA 276883/1-3</subfield><subfield code="x">ge/ulit/a/17/240-242</subfield><subfield code="9">LOCAL</subfield></datafield><datafield ind1=" " ind2=" " tag="993"><subfield code="a">BFLA 276883/4-5</subfield><subfield code="x">ge/ulit/a/17/252-253</subfield><subfield code="9">LOCAL</subfield></datafield></record>
</metadata></record>