<record><header><identifier>oai:alma.41SLSP_UGE:991000790559705502</identifier><datestamp>2023-03-01T01:09:29Z</datestamp><setSpec>uge_bcen_RapidILL_BOOK</setSpec><setSpec>uge_aaca_RapidILL_BOOK</setSpec><setSpec>uge_abels_RapidILL_BOOK</setSpec><setSpec>uge_dbu_RapidILL_BOOK</setSpec><setSpec>uge_cmu_RapidILL_BOOK</setSpec><setSpec>uge_mail_RapidILL_BOOK</setSpec><setSpec>UNIGE_ALL</setSpec><setSpec>uge_abbat_RapidILL_BOOK</setSpec><setSpec>uge_aobs_RapidILL_BOOK</setSpec><setSpec>uge_acar_RapidILL_BOOK</setSpec></header><metadata>
<record xmlns="http://www.loc.gov/MARC21/slim" xmlns:xsi="http://www.w3.org/2001/XMLSchema-instance" xsi:schemaLocation="http://www.loc.gov/MARC21/slim http://www.loc.gov/standards/marcxml/schema/MARC21slim.xsd"><leader>01519naa a22003377c 4500</leader><controlfield tag="001">991000790559705502</controlfield><controlfield tag="005">20230217232201.0</controlfield><controlfield tag="008">001223s1999    sp ||||| |||| 00| ||spa d</controlfield><datafield ind1=" " ind2=" " tag="035"><subfield code="a">(swissbib)096248564-41slsp_network</subfield></datafield><datafield ind1=" " ind2=" " tag="035"><subfield code="a">096248564</subfield><subfield code="9">ExL</subfield></datafield><datafield ind1=" " ind2=" " tag="035"><subfield code="a">(RERO)R277740860-41slsp</subfield></datafield><datafield ind1=" " ind2=" " tag="035"><subfield code="a">(EXLNZ-41SLSP_NETWORK)991070558209705501</subfield></datafield><datafield ind1=" " ind2=" " tag="040"><subfield code="a">RERO geubfd</subfield><subfield code="d">CH-ZuSLS</subfield></datafield><datafield ind1=" " ind2="7" tag="072"><subfield code="a">dr</subfield><subfield code="2">rero</subfield></datafield><datafield ind1=" " ind2=" " tag="084"><subfield code="a">CA/CH 90.1 i</subfield><subfield code="2">cjurrom</subfield></datafield><datafield ind1="1" ind2=" " tag="100"><subfield code="a">Fink, Daniel</subfield><subfield code="d">1953-....</subfield><subfield code="0">(IDREF)203037359</subfield><subfield code="4">aut</subfield></datafield><datafield ind1="1" ind2="0" tag="245"><subfield code="a">&lt;&lt;Las&gt;&gt; investigaciónes sobre el delito y la justicia en Suiza</subfield><subfield code="b">temas dominantes</subfield><subfield code="c">Daniel Fink, Karl-Ludwig Kunz, Robert Roth</subfield></datafield><datafield ind1=" " ind2=" " tag="336"><subfield code="b">txt</subfield><subfield code="2">rdacontent</subfield></datafield><datafield ind1=" " ind2=" " tag="337"><subfield code="b">n</subfield><subfield code="2">rdamedia</subfield></datafield><datafield ind1=" " ind2=" " tag="338"><subfield code="b">nc</subfield><subfield code="2">rdacarrier</subfield></datafield><datafield ind1=" " ind2=" " tag="500"><subfield code="a">Titre du numéro 5 : La investigación sobre la delincuencia y el sistema de justicia criminal en Europa (1990-1998)</subfield></datafield><datafield ind1=" " ind2=" " tag="504"><subfield code="a">Bibliogr.</subfield></datafield><datafield ind1=" " ind2=" " tag="580"><subfield code="a">In: Revista catalana de seguretat pública [(ed. en castellano)]. - Mollet del Vallès : Escola de Policia de Catalunya, 1999. - 1999, Núm. 5, p. 307-331</subfield></datafield><datafield ind1=" " ind2="7" tag="650"><subfield code="a">Criminologie</subfield><subfield code="0">(IDREF)027466604</subfield><subfield code="2">idref</subfield></datafield><datafield ind1=" " ind2="7" tag="650"><subfield code="a">1990-1999</subfield><subfield code="2">rero</subfield></datafield><datafield ind1=" " ind2="7" tag="650"><subfield code="a">Politique criminelle</subfield><subfield code="0">(IDREF)031307337</subfield><subfield code="2">idref</subfield></datafield><datafield ind1=" " ind2="7" tag="650"><subfield code="a">Recherche</subfield><subfield code="0">(IDREF)027315754</subfield><subfield code="2">idref</subfield></datafield><datafield ind1=" " ind2="7" tag="651"><subfield code="a">Suisse</subfield><subfield code="0">(IDREF)027249654</subfield><subfield code="2">idref</subfield></datafield><datafield ind1="1" ind2=" " tag="700"><subfield code="a">Kunz, Karl-Ludwig</subfield><subfield code="0">(IDREF)05937523X</subfield><subfield code="4">aut</subfield></datafield><datafield ind1="1" ind2=" " tag="700"><subfield code="a">Roth, Robert</subfield><subfield code="c">juriste</subfield><subfield code="d">1952-....</subfield><subfield code="0">(IDREF)032094981</subfield><subfield code="4">aut</subfield></datafield><datafield ind1="0" ind2=" " tag="773"><subfield code="t">Revista catalana de seguretat pública [(ed. en castellano)]</subfield><subfield code="g">1999/5/307</subfield><subfield code="g">yr:1999</subfield><subfield code="w">(RERO)R277696560-41slsp</subfield></datafield><datafield ind1=" " ind2=" " tag="900"><subfield code="a">REROnoselfmerge</subfield></datafield></record>
</metadata></record>