<record><header><identifier>oai:alma.41SLSP_UGE:991000790039705502</identifier><datestamp>2023-03-01T01:09:29Z</datestamp><setSpec>uge_bcen_RapidILL_BOOK</setSpec><setSpec>uge_aaca_RapidILL_BOOK</setSpec><setSpec>uge_abels_RapidILL_BOOK</setSpec><setSpec>uge_dbu_RapidILL_BOOK</setSpec><setSpec>uge_cmu_RapidILL_BOOK</setSpec><setSpec>uge_mail_RapidILL_BOOK</setSpec><setSpec>UNIGE_ALL</setSpec><setSpec>uge_abbat_RapidILL_BOOK</setSpec><setSpec>uge_aobs_RapidILL_BOOK</setSpec><setSpec>uge_acar_RapidILL_BOOK</setSpec></header><metadata>
<record xmlns="http://www.loc.gov/MARC21/slim" xmlns:xsi="http://www.w3.org/2001/XMLSchema-instance" xsi:schemaLocation="http://www.loc.gov/MARC21/slim http://www.loc.gov/standards/marcxml/schema/MARC21slim.xsd"><leader>01108naa a2200265 c 4500</leader><controlfield tag="001">991000790039705502</controlfield><controlfield tag="005">20201227133208.0</controlfield><controlfield tag="008">000910s1999    xxk||||| |||| 00| ||eng d</controlfield><datafield ind1=" " ind2=" " tag="035"><subfield code="a">(swissbib)095395903-41slsp_network</subfield></datafield><datafield ind1=" " ind2=" " tag="035"><subfield code="a">095395903</subfield><subfield code="9">ExL</subfield></datafield><datafield ind1=" " ind2=" " tag="035"><subfield code="a">(RERO)R265233460-41slsp</subfield></datafield><datafield ind1=" " ind2=" " tag="035"><subfield code="a">(EXLNZ-41SLSP_NETWORK)991029946769705501</subfield></datafield><datafield ind1=" " ind2=" " tag="040"><subfield code="a">RERO geusba</subfield><subfield code="d">CH-ZuSLS</subfield></datafield><datafield ind1=" " ind2="7" tag="072"><subfield code="a">bi</subfield><subfield code="2">rero</subfield></datafield><datafield ind1="0" ind2="0" tag="245"><subfield code="a">TAP binds to the constitutive transport element (CTE) through a novel RNA-binding motif that is sufficient to promote CTE-dependent RNA export from the nucleus</subfield><subfield code="c">Isabelle C. Braun... [et al.]</subfield></datafield><datafield ind1=" " ind2=" " tag="336"><subfield code="b">txt</subfield><subfield code="2">rdacontent</subfield></datafield><datafield ind1=" " ind2=" " tag="337"><subfield code="b">n</subfield><subfield code="2">rdamedia</subfield></datafield><datafield ind1=" " ind2=" " tag="338"><subfield code="b">nc</subfield><subfield code="2">rdacarrier</subfield></datafield><datafield ind1=" " ind2=" " tag="508"><subfield code="a">Autres auteurs: Emmanuelle Rohrbach, Christel Schmitt, Elisa Izaurralde</subfield></datafield><datafield ind1=" " ind2=" " tag="580"><subfield code="a">In: EMBO journal. - Oxford. - Vol. 18(1999), no. 7, p. 1953-1965</subfield></datafield><datafield ind1="1" ind2=" " tag="700"><subfield code="a">Braun, Isabelle Carol</subfield><subfield code="0">(RERO)A005885359</subfield></datafield><datafield ind1="1" ind2=" " tag="700"><subfield code="a">Rohrbach Emmanuelle</subfield><subfield code="0">(RERO)A005886805</subfield></datafield><datafield ind1="1" ind2=" " tag="700"><subfield code="a">Schmitt, Christel</subfield><subfield code="0">(RERO)A003801628</subfield></datafield><datafield ind1="1" ind2=" " tag="700"><subfield code="a">Izaurralde, Elisa</subfield><subfield code="0">(RERO)A003414667</subfield></datafield><datafield ind1="0" ind2=" " tag="773"><subfield code="t">EMBO journal</subfield><subfield code="g">1999/1953</subfield><subfield code="g">yr:1999</subfield><subfield code="w">(RERO)0657426-41slsp</subfield></datafield><datafield ind1=" " ind2=" " tag="900"><subfield code="a">REROnoselfmerge</subfield></datafield></record>
</metadata></record>