<record><header><identifier>oai:alma.41SLSP_UGE:991000790959705502</identifier><datestamp>2023-03-01T01:09:29Z</datestamp><setSpec>uge_bcen_RapidILL_BOOK</setSpec><setSpec>uge_aaca_RapidILL_BOOK</setSpec><setSpec>uge_abels_RapidILL_BOOK</setSpec><setSpec>uge_dbu_RapidILL_BOOK</setSpec><setSpec>uge_cmu_RapidILL_BOOK</setSpec><setSpec>uge_mail_RapidILL_BOOK</setSpec><setSpec>UNIGE_ALL</setSpec><setSpec>uge_abbat_RapidILL_BOOK</setSpec><setSpec>uge_aobs_RapidILL_BOOK</setSpec><setSpec>uge_acar_RapidILL_BOOK</setSpec></header><metadata>
<record xmlns="http://www.loc.gov/MARC21/slim" xmlns:xsi="http://www.w3.org/2001/XMLSchema-instance" xsi:schemaLocation="http://www.loc.gov/MARC21/slim http://www.loc.gov/standards/marcxml/schema/MARC21slim.xsd"><leader>03012nam a2200709 c 4500</leader><controlfield tag="001">991000790959705502</controlfield><controlfield tag="005">20230127213553.0</controlfield><controlfield tag="008">201012t20112011it            00| i ita| </controlfield><datafield ind1=" " ind2=" " tag="010"><subfield code="a">2012400064</subfield></datafield><datafield ind1=" " ind2=" " tag="020"><subfield code="a">8860874610</subfield></datafield><datafield ind1=" " ind2=" " tag="020"><subfield code="a">9788860874610</subfield></datafield><datafield ind1=" " ind2=" " tag="035"><subfield code="a">(swissbib)233852166-41slsp_network</subfield></datafield><datafield ind1=" " ind2=" " tag="035"><subfield code="a">233852166</subfield><subfield code="9">ExL</subfield></datafield><datafield ind1=" " ind2=" " tag="035"><subfield code="a">(IDSBB)006010994DSV01</subfield></datafield><datafield ind1=" " ind2=" " tag="035"><subfield code="a">(NEBIS)007226260EBI01</subfield></datafield><datafield ind1=" " ind2=" " tag="035"><subfield code="a">(RERO)R007006278-41slsp</subfield></datafield><datafield ind1=" " ind2=" " tag="035"><subfield code="a">(OCoLC)773016721</subfield></datafield><datafield ind1=" " ind2=" " tag="035"><subfield code="a">(EXLNZ-41SLSP_NETWORK)991040527079705501</subfield></datafield><datafield ind1=" " ind2=" " tag="040"><subfield code="a">DLC</subfield><subfield code="e">kids</subfield><subfield code="d">CH-ZuSLS</subfield></datafield><datafield ind1=" " ind2=" " tag="050"><subfield code="a">PQ4835.A3</subfield><subfield code="b">Z5764 2011</subfield></datafield><datafield ind1=" " ind2="7" tag="072"><subfield code="a">it</subfield><subfield code="2">SzZuIDS BS/BE</subfield></datafield><datafield ind1=" " ind2="7" tag="072"><subfield code="a">it</subfield><subfield code="2">rero</subfield></datafield><datafield ind1="1" ind2="4" tag="082"><subfield code="a">851</subfield><subfield code="2">21</subfield></datafield><datafield ind1="1" ind2=" " tag="100"><subfield code="a">Capecchi, Giovanni</subfield><subfield code="d">1971-</subfield><subfield code="0">(DE-588)1069163422</subfield><subfield code="6">880-01</subfield></datafield><datafield ind1="1" ind2=" " tag="880"><subfield code="6">100-01</subfield><subfield code="a">Capecchi, Giovanni</subfield><subfield code="d">1971-....</subfield><subfield code="0">(IDREF)035345020</subfield><subfield code="4">cre</subfield></datafield><datafield ind1="1" ind2="0" tag="245"><subfield code="a">Voci dal &quot;nido&quot; infranto</subfield><subfield code="b">studi e documenti pascoliani</subfield><subfield code="c">Giovanni Capecchi</subfield></datafield><datafield ind1=" " ind2="1" tag="264"><subfield code="a">Firenze</subfield><subfield code="b">Le lettere</subfield><subfield code="c">[2011]</subfield></datafield><datafield ind1=" " ind2="4" tag="264"><subfield code="c">©2011</subfield></datafield><datafield ind1=" " ind2=" " tag="300"><subfield code="a">246 p.</subfield><subfield code="c">22 cm.</subfield></datafield><datafield ind1=" " ind2=" " tag="336"><subfield code="b">txt</subfield><subfield code="2">rdacontent</subfield></datafield><datafield ind1=" " ind2=" " tag="337"><subfield code="b">n</subfield><subfield code="2">rdamedia</subfield></datafield><datafield ind1=" " ind2=" " tag="338"><subfield code="b">nc</subfield><subfield code="2">rdacarrier</subfield></datafield><datafield ind1="1" ind2=" " tag="490"><subfield code="a">Saggi (Le Lettere)</subfield><subfield code="v">109</subfield></datafield><datafield ind1=" " ind2=" " tag="500"><subfield code="a">Enthält Briefe von Giovanni Pascoli und Luigi Valli</subfield></datafield><datafield ind1=" " ind2=" " tag="500"><subfield code="a">Enth. auch den Briefwechsel zwischen Giovanni Pascoli e Luigi Vali (1892-1908)</subfield></datafield><datafield ind1=" " ind2=" " tag="500"><subfield code="a">Collection of already publ. writings</subfield></datafield><datafield ind1=" " ind2=" " tag="500"><subfield code="a">G. Capecchi teaches at the Università per stranieri of Perugia</subfield></datafield><datafield ind1=" " ind2=" " tag="504"><subfield code="a">Includes bibliographical references and index</subfield></datafield><datafield ind1="0" ind2=" " tag="505"><subfield code="a">Il carteggio tra Giovanni Pascoli e Luigi Valli (1892-1908)</subfield></datafield><datafield ind1="1" ind2="0" tag="600"><subfield code="a">Pascoli, Giovanni</subfield><subfield code="d">1855-1912</subfield><subfield code="v">Correspondence</subfield></datafield><datafield ind1="1" ind2="0" tag="600"><subfield code="a">Pascoli, Giovanni</subfield><subfield code="d">1855-1912</subfield><subfield code="x">Criticism and interpretation</subfield></datafield><datafield ind1="1" ind2="0" tag="600"><subfield code="a">Valli, Luigi</subfield><subfield code="v">Correspondence</subfield></datafield><datafield ind1="1" ind2="7" tag="600"><subfield code="a">Pascoli, Giovanni</subfield><subfield code="d">1855-1912</subfield><subfield code="0">(DE-588)118591894</subfield><subfield code="2">gnd</subfield></datafield><datafield ind1="1" ind2="7" tag="600"><subfield code="a">Pascoli, Giovanni</subfield><subfield code="d">1855-1912</subfield><subfield code="0">(IDREF)02880208X</subfield><subfield code="2">idref</subfield></datafield><datafield ind1="1" ind2="7" tag="600"><subfield code="a">Valli, Luigi</subfield><subfield code="d">1878-1931</subfield><subfield code="0">(IDREF)05043683X</subfield><subfield code="2">idref</subfield></datafield><datafield ind1=" " ind2="0" tag="650"><subfield code="a">Authors, Italian</subfield><subfield code="y">19th century</subfield><subfield code="v">Correspondence</subfield></datafield><datafield ind1=" " ind2="0" tag="650"><subfield code="a">Authors, Italian</subfield><subfield code="y">20th century</subfield><subfield code="v">Correspondence</subfield></datafield><datafield ind1=" " ind2="7" tag="650"><subfield code="a">1892-1908</subfield><subfield code="2">rero</subfield></datafield><datafield ind1=" " ind2="7" tag="655"><subfield code="a">Briefsammlung</subfield><subfield code="2">gnd-content</subfield></datafield><datafield ind1=" " ind2="7" tag="655"><subfield code="a">Aufsatzsammlung</subfield><subfield code="2">gnd-content</subfield></datafield><datafield ind1=" " ind2="7" tag="655"><subfield code="a">[Études diverses]</subfield><subfield code="0">(RERO)A022249905</subfield><subfield code="2">rero</subfield></datafield><datafield ind1=" " ind2="7" tag="655"><subfield code="a">Correspondance</subfield><subfield code="0">(IDREF)027490122</subfield><subfield code="2">idref</subfield></datafield><datafield ind1="1" ind2=" " tag="700"><subfield code="a">Pascoli, Giovanni</subfield><subfield code="d">1855-1912</subfield><subfield code="0">(DE-588)118591894</subfield><subfield code="6">880-02</subfield></datafield><datafield ind1="1" ind2=" " tag="880"><subfield code="a">Pascoli, Giovanni</subfield><subfield code="d">1855-1912</subfield><subfield code="0">(IDREF)02880208X</subfield><subfield code="6">700-02</subfield></datafield><datafield ind1="1" ind2=" " tag="700"><subfield code="a">Valli, Luigi</subfield><subfield code="d">1878-1931</subfield><subfield code="0">(DE-588)119517051</subfield><subfield code="6">880-03</subfield></datafield><datafield ind1="1" ind2=" " tag="880"><subfield code="a">Valli, Luigi</subfield><subfield code="0">(RERO)A003926167</subfield><subfield code="6">700-03</subfield></datafield><datafield ind1="4" ind2=" " tag="856"><subfield code="3">Titelblatt und Inhaltsverzeichnis</subfield><subfield code="u">https://toc.library.ethz.ch/objects/pdf/z01_978-88-6087-461-0_01.pdf</subfield><subfield code="q">pdf</subfield></datafield><datafield ind1=" " ind2="0" tag="830"><subfield code="a">Saggi</subfield><subfield code="g">Le Lettere</subfield><subfield code="v">109</subfield><subfield code="w">(IDSBB)004195473DSV01</subfield></datafield><datafield ind1=" " ind2="0" tag="830"><subfield code="a">Saggi</subfield><subfield code="v">109</subfield><subfield code="w">(NEBIS)000996833EBI01</subfield></datafield><datafield ind1=" " ind2=" " tag="900"><subfield code="a">IDSZ2zbzmon201208f</subfield><subfield code="c">IDSZ2sage</subfield><subfield code="d">IDSZ2zbzswk201208g</subfield><subfield code="e">IDSZ2brua</subfield></datafield><datafield ind1=" " ind2=" " tag="900"><subfield code="a">REROnoselfmerge</subfield></datafield><datafield ind1=" " ind2=" " tag="910"><subfield code="a">LOC</subfield><subfield code="b">20120223</subfield><subfield code="c">Droits réservés</subfield></datafield><datafield ind1=" " ind2=" " tag="949"><subfield code="a">https://toc.library.ethz.ch/objects/pdf/z01_978-88-6087-461-0_01.pdf</subfield></datafield><datafield ind1=" " ind2=" " tag="993"><subfield code="a">BFLA 232507</subfield><subfield code="x">ge/ulit/a/12/7</subfield><subfield code="9">LOCAL</subfield></datafield></record>
</metadata></record>