<record><header><identifier>oai:alma.41SLSP_UGE:991000790859705502</identifier><datestamp>2024-06-05T00:22:37Z</datestamp><setSpec>UNIGE_ALL</setSpec></header><metadata>
<record xmlns="http://www.loc.gov/MARC21/slim" xmlns:xsi="http://www.w3.org/2001/XMLSchema-instance" xsi:schemaLocation="http://www.loc.gov/MARC21/slim http://www.loc.gov/standards/marcxml/schema/MARC21slim.xsd"><leader>02699ngm a2200457 c 4500</leader><controlfield tag="001">991000790859705502</controlfield><controlfield tag="005">20240604105250.0</controlfield><controlfield tag="007">vd#|v||||</controlfield><controlfield tag="008">140317s2013    fr ||| |          v|eng d</controlfield><datafield ind1="3" ind2=" " tag="024"><subfield code="a">3333297204347</subfield></datafield><datafield ind1="4" ind2="2" tag="028"><subfield code="a">720 434</subfield></datafield><datafield ind1=" " ind2=" " tag="035"><subfield code="a">(swissbib)11936803X-41slsp_network</subfield></datafield><datafield ind1=" " ind2=" " tag="035"><subfield code="a">11936803X</subfield><subfield code="9">ExL</subfield></datafield><datafield ind1=" " ind2=" " tag="035"><subfield code="a">(RERO)R007678659-41slsp</subfield></datafield><datafield ind1=" " ind2=" " tag="035"><subfield code="a">(EXLNZ-41SLSP_NETWORK)991123594409705501</subfield></datafield><datafield ind1=" " ind2=" " tag="040"><subfield code="a">RERO necfbv</subfield><subfield code="d">CH-ZuSLS</subfield></datafield><datafield ind1="1" ind2=" " tag="041"><subfield code="a">eng</subfield><subfield code="a">fre</subfield><subfield code="h">eng</subfield></datafield><datafield ind1=" " ind2="7" tag="072"><subfield code="a">ba</subfield><subfield code="2">rero</subfield></datafield><datafield ind1="0" ind2="0" tag="245"><subfield code="a">&lt;&lt;La&gt;&gt; route des Indes</subfield><subfield code="c">un film de David Lean ; de E.M. Forster ; musique Maurice Jarre ; prod. John Brabourne et Richard Goodwin</subfield></datafield><datafield ind1="1" ind2=" " tag="246"><subfield code="a">Passage to India</subfield></datafield><datafield ind1=" " ind2="1" tag="264"><subfield code="a">[Lieu de publication non identifié]</subfield><subfield code="b">Carlotta</subfield><subfield code="c">2013</subfield></datafield><datafield ind1=" " ind2="4" tag="264"><subfield code="a">[Royaume-Uni]</subfield><subfield code="a">[Etats-Unis]</subfield><subfield code="c">1984</subfield></datafield><datafield ind1=" " ind2=" " tag="300"><subfield code="a">1 DVD vidéo</subfield></datafield><datafield ind1=" " ind2=" " tag="336"><subfield code="b">tdi</subfield><subfield code="2">rdacontent</subfield></datafield><datafield ind1=" " ind2=" " tag="337"><subfield code="b">v</subfield><subfield code="2">rdamedia</subfield></datafield><datafield ind1=" " ind2=" " tag="338"><subfield code="b">vd</subfield><subfield code="2">rdacarrier</subfield></datafield><datafield ind1=" " ind2=" " tag="500"><subfield code="a">Une prod.:  EMI Films, Home Box Office (HBO), Thorn EMI Screen Entertainment, cop. 1984</subfield></datafield><datafield ind1=" " ind2=" " tag="500"><subfield code="a">Format écran: 16/9 (1.85:1)</subfield></datafield><datafield ind1=" " ind2=" " tag="500"><subfield code="a">Traduit de: A passage to India</subfield></datafield><datafield ind1=" " ind2=" " tag="500"><subfield code="a">Durée du film : 157 min.</subfield></datafield><datafield ind1="0" ind2=" " tag="505"><subfield code="a">Langues: anglais, français. Sous-titres: français</subfield></datafield><datafield ind1="0" ind2=" " tag="511"><subfield code="a">Peggy Ashcroft ; Judy Davis ; James Fox ; Alec Guinness ; Nigel Havers ; Victor Banerjee...</subfield></datafield><datafield ind1="8" ind2=" " tag="520"><subfield code="a">Aventure</subfield><subfield code="5">RERO/necfbv/03.2014/3544</subfield></datafield><datafield ind1="8" ind2=" " tag="520"><subfield code="a">&quot;En 1920, Miss Adela Quested part épouser en Inde un jeune magistrat. Fuyant le nationalisme étroit et l'arrogance de la colonie anglaise, elle part à la découverte de l'Inde profonde. Un jeune médecin indien va bouleverser ce parcours.&quot;</subfield><subfield code="5">RERO/geumem/05.2014</subfield></datafield><datafield ind1=" " ind2=" " tag="520"><subfield code="a">Quand les deux jeunes Anglaises, Mrs Moore et Adela Quested arrivent en Inde, elles sont immédiatement frappées par l’extrême discrimination raciale qui y règne. Leur rencontre avec le bon Docteur Aziz les détourne provisoirement de ce sentiment d’intolérance et leur permet de découvrir les splendides sites du Marabar. Mais Adela est victime d’une aggression au cours d’une de ces promenades; la nouvelle se répand très vite à travers le pays et suffit à mettre le feu à un pays déjà au bord de l’explosion. LE film est un fresque magnifique dans l’Inde coloniale des années 20, pays déchiré par le choc des cultures.</subfield></datafield><datafield ind1=" " ind2="7" tag="655"><subfield code="a">DVD</subfield><subfield code="0">(IDREF)035108444</subfield><subfield code="2">idref</subfield></datafield><datafield ind1=" " ind2="7" tag="655"><subfield code="a">Films de fiction</subfield><subfield code="0">(IDREF)14779644X</subfield><subfield code="2">idref</subfield></datafield><datafield ind1="1" ind2=" " tag="700"><subfield code="a">Lean, David</subfield><subfield code="d">1908-1991</subfield><subfield code="0">(IDREF)029467926</subfield></datafield><datafield ind1="1" ind2=" " tag="700"><subfield code="a">Jarre, Maurice</subfield><subfield code="d">1924-2009</subfield><subfield code="0">(IDREF)035758996</subfield></datafield><datafield ind1="1" ind2=" " tag="700"><subfield code="a">Brabourne, John</subfield><subfield code="d">1924-2005</subfield><subfield code="0">(IDREF)090939573</subfield></datafield><datafield ind1="1" ind2=" " tag="700"><subfield code="a">Goodwin, Richard</subfield><subfield code="d">1953-....</subfield><subfield code="0">(IDREF)16867968X</subfield></datafield><datafield ind1="1" ind2=" " tag="700"><subfield code="a">Forster, Edward Morgan</subfield><subfield code="d">1879-1970</subfield><subfield code="0">(IDREF)02686973X</subfield></datafield></record>
</metadata></record>