<record><header><identifier>oai:alma.41SLSP_UGE:991000775279705502</identifier><datestamp>2024-01-13T01:24:28Z</datestamp><setSpec>uge_bcen_RapidILL_BOOK</setSpec><setSpec>uge_aaca_RapidILL_BOOK</setSpec><setSpec>uge_abels_RapidILL_BOOK</setSpec><setSpec>uge_dbu_RapidILL_BOOK</setSpec><setSpec>uge_cmu_RapidILL_BOOK</setSpec><setSpec>uge_mail_RapidILL_BOOK</setSpec><setSpec>uge_abbat_RapidILL_BOOK</setSpec><setSpec>UNIGE_ALL</setSpec><setSpec>uge_acar_RapidILL_BOOK</setSpec><setSpec>uge_aobs_RapidILL_BOOK</setSpec></header><metadata>
<record xmlns="http://www.loc.gov/MARC21/slim" xmlns:xsi="http://www.w3.org/2001/XMLSchema-instance" xsi:schemaLocation="http://www.loc.gov/MARC21/slim http://www.loc.gov/standards/marcxml/schema/MARC21slim.xsd"><leader>02697nam a2200589uc 4500</leader><controlfield tag="001">991000775279705502</controlfield><controlfield tag="005">20230130192516.0</controlfield><controlfield tag="008">201012t19991999sz            00| | fre d</controlfield><datafield ind1=" " ind2=" " tag="020"><subfield code="a">3905312840</subfield><subfield code="q">Chronos Verl.</subfield></datafield><datafield ind1=" " ind2=" " tag="020"><subfield code="a">8882810194</subfield><subfield code="q">A. Dado</subfield></datafield><datafield ind1=" " ind2=" " tag="020"><subfield code="a">2881823653</subfield><subfield code="q">Ed. Zoé</subfield></datafield><datafield ind1="7" ind2=" " tag="024"><subfield code="a">http://catalogue.bnf.fr/ark:/12148/cb37193014s</subfield><subfield code="2">uri</subfield></datafield><datafield ind1=" " ind2=" " tag="035"><subfield code="a">(swissbib)241191572-41slsp_network</subfield></datafield><datafield ind1=" " ind2=" " tag="035"><subfield code="a">241191572</subfield><subfield code="9">ExL</subfield></datafield><datafield ind1=" " ind2=" " tag="035"><subfield code="a">(IDSLU)000193207ILU01</subfield></datafield><datafield ind1=" " ind2=" " tag="035"><subfield code="a">(IDSBB)001627389DSV01</subfield></datafield><datafield ind1=" " ind2=" " tag="035"><subfield code="a">(RERO)R248252360-41slsp</subfield></datafield><datafield ind1=" " ind2=" " tag="035"><subfield code="a">(EXLNZ-41SLSP_NETWORK)991003474159705501</subfield></datafield><datafield ind1=" " ind2=" " tag="040"><subfield code="a">IDS BS/BE B492</subfield><subfield code="e">kids</subfield><subfield code="d">CH-ZuSLS</subfield></datafield><datafield ind1="0" ind2=" " tag="041"><subfield code="a">fre</subfield><subfield code="a">ger</subfield><subfield code="a">ita</subfield></datafield><datafield ind1=" " ind2=" " tag="044"><subfield code="a">sz</subfield><subfield code="c">ch-zh</subfield><subfield code="a">sz</subfield><subfield code="c">ch-ti</subfield><subfield code="a">sz</subfield><subfield code="c">ch-ge</subfield></datafield><datafield ind1=" " ind2="7" tag="072"><subfield code="a">660</subfield><subfield code="2">IDS LU</subfield></datafield><datafield ind1=" " ind2="7" tag="072"><subfield code="a">sg</subfield><subfield code="2">SzZuIDS BS/BE</subfield></datafield><datafield ind1=" " ind2="7" tag="072"><subfield code="a">ht</subfield><subfield code="2">rero</subfield></datafield><datafield ind1="1" ind2="4" tag="082"><subfield code="a">949.4</subfield><subfield code="2">15</subfield></datafield><datafield ind1=" " ind2=" " tag="084"><subfield code="a">D 6 c CH</subfield><subfield code="2">cjurrom</subfield></datafield><datafield ind1="0" ind2="0" tag="245"><subfield code="a">(1.VI.1947-30.VI.1949)</subfield><subfield code="c">Groupe de recherche: Antoine Fleury ... [et al.]</subfield></datafield><datafield ind1=" " ind2="1" tag="264"><subfield code="a">Zürich</subfield><subfield code="b">Chronos</subfield><subfield code="c">1999</subfield></datafield><datafield ind1=" " ind2="4" tag="264"><subfield code="c">© 1999</subfield></datafield><datafield ind1=" " ind2=" " tag="300"><subfield code="a">LXXXVI, 493 p.</subfield><subfield code="b">tabl.</subfield><subfield code="c">25 cm</subfield></datafield><datafield ind1=" " ind2=" " tag="336"><subfield code="b">txt</subfield><subfield code="2">rdacontent</subfield></datafield><datafield ind1=" " ind2=" " tag="337"><subfield code="b">n</subfield><subfield code="2">rdamedia</subfield></datafield><datafield ind1=" " ind2=" " tag="338"><subfield code="b">nc</subfield><subfield code="2">rdacarrier</subfield></datafield><datafield ind1="1" ind2=" " tag="490"><subfield code="a">Documents diplomatiques suisses</subfield><subfield code="v">17</subfield></datafield><datafield ind1=" " ind2=" " tag="508"><subfield code="a">Autre auteur: Marc Perrenoud</subfield></datafield><datafield ind1="8" ind2=" " tag="520"><subfield code="a">Il s'agit du deuxième volume de la série des documents sur la diplomatie suisse dirigée par Max Petitpierre de 1945 à 1961. D'autres Neuchâtelois apparaissent dans ce volume: Gérard Bauer, Gilbert de Dardel, Marcel Du Pasquier, René Dubois, Etienne Junod, Charles Knapp, Etienne Lardy, Eric Mentha, Henri Perret, Tell Perrin, Jean Piaget, Albert Rais, Georges Sauser-Hall, etc. On y trouve aussi des renseignements sur des entreprises neuchâteloises: Dixi, Movado, etc</subfield><subfield code="5">RERO/necfbv/08.2000/3501</subfield></datafield><datafield ind1=" " ind2="7" tag="650"><subfield code="a">1947-1949</subfield><subfield code="2">rero</subfield></datafield><datafield ind1=" " ind2="7" tag="650"><subfield code="a">Relations extérieures</subfield><subfield code="0">(IDREF)027811255</subfield><subfield code="2">idref</subfield></datafield><datafield ind1=" " ind2="7" tag="651"><subfield code="a">Suisse</subfield><subfield code="0">(IDREF)027249654</subfield><subfield code="2">idref</subfield></datafield><datafield ind1=" " ind2="7" tag="655"><subfield code="a">[document]</subfield><subfield code="2">rerovoc</subfield><subfield code="0">(RERO)A010182398</subfield></datafield><datafield ind1=" " ind2=" " tag="690"><subfield code="a">Schweiz. Beziehungen</subfield><subfield code="2">rzs-L2</subfield></datafield><datafield ind1=" " ind2=" " tag="690"><subfield code="a">Schweiz. Geschichte. 20. Jh.</subfield><subfield code="2">rzs-L2</subfield></datafield><datafield ind1=" " ind2=" " tag="690"><subfield code="a">Schweiz. Politik</subfield><subfield code="2">rzs-L2</subfield></datafield><datafield ind1="1" ind2=" " tag="700"><subfield code="a">Cerutti, Mauro</subfield><subfield code="0">(IDREF)029320119</subfield></datafield><datafield ind1="1" ind2=" " tag="700"><subfield code="a">Guex, Sébastien</subfield><subfield code="0">(IDREF)050815776</subfield></datafield><datafield ind1="1" ind2=" " tag="700"><subfield code="a">Dongen, Luc van</subfield><subfield code="d">1970-</subfield><subfield code="0">(RERO)A012334853</subfield></datafield><datafield ind1="1" ind2=" " tag="700"><subfield code="a">Perrenoud, Marc</subfield><subfield code="c">historien</subfield><subfield code="d">1956-....</subfield><subfield code="0">(IDREF)035108312</subfield></datafield><datafield ind1="1" ind2=" " tag="700"><subfield code="a">Fleury, Antoine</subfield><subfield code="c">historien</subfield><subfield code="d">1943-....</subfield><subfield code="0">(IDREF)029286123</subfield></datafield><datafield ind1="1" ind2=" " tag="710"><subfield code="a">Suisse</subfield><subfield code="b">Commission nationale pour la publication de documents diplomatiques suisses</subfield><subfield code="0">(IDREF)026407809</subfield></datafield><datafield ind1=" " ind2="0" tag="830"><subfield code="a">Documents diplomatiques suisses</subfield><subfield code="v">17</subfield><subfield code="w">(RERO)1967322-41slsp</subfield></datafield><datafield ind1=" " ind2="0" tag="830"><subfield code="a">Documents diplomatiques suisses</subfield><subfield code="v">17</subfield><subfield code="w">(IDSLU)000135418ILU01</subfield></datafield><datafield ind1=" " ind2="0" tag="830"><subfield code="a">Diplomatische Dokumente der Schweiz</subfield><subfield code="v">17</subfield><subfield code="w">(IDSBB)000026090DSV01</subfield></datafield><datafield ind1=" " ind2=" " tag="900"><subfield code="a">REROnoselfmerge</subfield></datafield></record>
</metadata></record>