<record><header><identifier>oai:alma.41SLSP_UGE:991000775169705502</identifier><datestamp>2023-03-01T01:09:35Z</datestamp><setSpec>uge_bcen_RapidILL_BOOK</setSpec><setSpec>uge_aaca_RapidILL_BOOK</setSpec><setSpec>uge_abels_RapidILL_BOOK</setSpec><setSpec>uge_dbu_RapidILL_BOOK</setSpec><setSpec>uge_cmu_RapidILL_BOOK</setSpec><setSpec>uge_mail_RapidILL_BOOK</setSpec><setSpec>UNIGE_ALL</setSpec><setSpec>uge_abbat_RapidILL_BOOK</setSpec><setSpec>uge_acar_RapidILL_BOOK</setSpec><setSpec>uge_aobs_RapidILL_BOOK</setSpec></header><metadata>
<record xmlns="http://www.loc.gov/MARC21/slim" xmlns:xsi="http://www.w3.org/2001/XMLSchema-instance" xsi:schemaLocation="http://www.loc.gov/MARC21/slim http://www.loc.gov/standards/marcxml/schema/MARC21slim.xsd"><leader>01259nam a2200313 c 4500</leader><controlfield tag="001">991000775169705502</controlfield><controlfield tag="005">20230220192542.0</controlfield><controlfield tag="008">201011s1998    mx ||||| |||| 00| ||spa d</controlfield><datafield ind1=" " ind2=" " tag="020"><subfield code="a">8437504503</subfield></datafield><datafield ind1=" " ind2=" " tag="035"><subfield code="a">(swissbib)223014141-41slsp_network</subfield></datafield><datafield ind1=" " ind2=" " tag="035"><subfield code="a">223014141</subfield><subfield code="9">ExL</subfield></datafield><datafield ind1=" " ind2=" " tag="035"><subfield code="a">(RERO)R269162760-41slsp</subfield></datafield><datafield ind1=" " ind2=" " tag="035"><subfield code="a">(NEBIS)008235398EBI01</subfield></datafield><datafield ind1=" " ind2=" " tag="035"><subfield code="a">(EXLNZ-41SLSP_NETWORK)991004078999705501</subfield></datafield><datafield ind1=" " ind2=" " tag="040"><subfield code="a">RERO geules</subfield><subfield code="d">CH-ZuSLS</subfield></datafield><datafield ind1="7" ind2="4" tag="082"><subfield code="a">860</subfield><subfield code="2">23sdnb</subfield></datafield><datafield ind1="1" ind2=" " tag="100"><subfield code="a">Segovia, Tomás</subfield><subfield code="d">1927-2011</subfield><subfield code="0">(IDREF)028849191</subfield><subfield code="4">aut</subfield></datafield><datafield ind1="1" ind2="0" tag="245"><subfield code="a">Poesía</subfield><subfield code="b">(1943-1997)</subfield><subfield code="c">Tomás Segovia</subfield></datafield><datafield ind1=" " ind2="1" tag="264"><subfield code="a">México</subfield><subfield code="a">Madrid</subfield><subfield code="b">Fondo de cultura económica</subfield><subfield code="c">1998</subfield></datafield><datafield ind1=" " ind2=" " tag="300"><subfield code="a">771 pages</subfield><subfield code="c">22 cm</subfield></datafield><datafield ind1=" " ind2=" " tag="336"><subfield code="b">txt</subfield><subfield code="2">rdacontent</subfield></datafield><datafield ind1=" " ind2=" " tag="337"><subfield code="b">n</subfield><subfield code="2">rdamedia</subfield></datafield><datafield ind1=" " ind2=" " tag="338"><subfield code="b">nc</subfield><subfield code="2">rdacarrier</subfield></datafield><datafield ind1="1" ind2=" " tag="490"><subfield code="a">Tierra firme</subfield></datafield><datafield ind1="0" ind2=" " tag="505"><subfield code="t">País del cielo ; Fidelidad ; La voz turbada ; La triste primavera ; En el aire claro ; Luz de aquí ; El sol y su eco ; Historias y poemas ; Anagnórisis ; Terceto ; Figura y melodías ; Partición ; Cantata a solas ; Lapso ; Orden del día ; Noticia natural ; Fiel imagen ; Lo inmortal y otros poemas</subfield></datafield><datafield ind1=" " ind2="7" tag="651"><subfield code="a">Spanisch</subfield><subfield code="z">Mexiko</subfield><subfield code="2">swd</subfield></datafield><datafield ind1=" " ind2="7" tag="655"><subfield code="a">Text</subfield><subfield code="2">gnd</subfield></datafield><datafield ind1=" " ind2="7" tag="655"><subfield code="a">Poésie</subfield><subfield code="0">(IDREF)027247465</subfield><subfield code="2">idref</subfield></datafield><datafield ind1=" " ind2=" " tag="830"><subfield code="a">Colección Tierra firme</subfield><subfield code="w">(RERO)0338340-41slsp</subfield></datafield><datafield ind1=" " ind2=" " tag="900"><subfield code="a">REROnoselfmerge</subfield></datafield><datafield ind1=" " ind2=" " tag="993"><subfield code="a">BFLA 135334</subfield><subfield code="x">ge/ules/a/98/762</subfield><subfield code="9">LOCAL</subfield></datafield></record>
</metadata></record>