<record><header><identifier>oai:alma.41SLSP_UGE:991000775379705502</identifier><datestamp>2023-04-12T00:11:26Z</datestamp><setSpec>uge_bcen_RapidILL_BOOK</setSpec><setSpec>uge_aaca_RapidILL_BOOK</setSpec><setSpec>uge_abels_RapidILL_BOOK</setSpec><setSpec>uge_dbu_RapidILL_BOOK</setSpec><setSpec>uge_cmu_RapidILL_BOOK</setSpec><setSpec>uge_mail_RapidILL_BOOK</setSpec><setSpec>uge_abbat_RapidILL_BOOK</setSpec><setSpec>UNIGE_ALL</setSpec><setSpec>uge_aobs_RapidILL_BOOK</setSpec><setSpec>uge_acar_RapidILL_BOOK</setSpec></header><metadata>
<record xmlns="http://www.loc.gov/MARC21/slim" xmlns:xsi="http://www.w3.org/2001/XMLSchema-instance" xsi:schemaLocation="http://www.loc.gov/MARC21/slim http://www.loc.gov/standards/marcxml/schema/MARC21slim.xsd"><leader>02811nam a22007577c 4500</leader><controlfield tag="001">991000775379705502</controlfield><controlfield tag="005">20230410183352.0</controlfield><controlfield tag="008">201012s2012    gw ||||| |||| 00| ||ger d</controlfield><datafield ind1=" " ind2=" " tag="015"><subfield code="a">12,A40</subfield><subfield code="z">12,N21</subfield><subfield code="2">dnb</subfield></datafield><datafield ind1=" " ind2=" " tag="015"><subfield code="a">12A40</subfield><subfield code="2">dnb</subfield></datafield><datafield ind1="7" ind2=" " tag="016"><subfield code="a">102220727X</subfield><subfield code="2">DE-101</subfield></datafield><datafield ind1="7" ind2=" " tag="016"><subfield code="a">716831783</subfield><subfield code="2">DE-101</subfield></datafield><datafield ind1=" " ind2=" " tag="020"><subfield code="a">3844010491</subfield></datafield><datafield ind1=" " ind2=" " tag="020"><subfield code="a">9783844010497</subfield></datafield><datafield ind1=" " ind2=" " tag="035"><subfield code="a">(swissbib)240762878-41slsp_network</subfield></datafield><datafield ind1=" " ind2=" " tag="035"><subfield code="a">240762878</subfield><subfield code="9">ExL</subfield></datafield><datafield ind1=" " ind2=" " tag="035"><subfield code="a">(RERO)R007327178-41slsp</subfield></datafield><datafield ind1=" " ind2=" " tag="035"><subfield code="a">(IDSBB)006054645DSV01</subfield></datafield><datafield ind1=" " ind2=" " tag="035"><subfield code="a">(NEBIS)007566145EBI01</subfield></datafield><datafield ind1=" " ind2=" " tag="035"><subfield code="a">(OCoLC)812181805</subfield></datafield><datafield ind1=" " ind2=" " tag="035"><subfield code="a">(EXLNZ-41SLSP_NETWORK)991001906829705501</subfield></datafield><datafield ind1=" " ind2=" " tag="040"><subfield code="a">GWDNB</subfield><subfield code="d">CH-ZuSLS</subfield></datafield><datafield ind1="1" ind2=" " tag="041"><subfield code="a">ger</subfield><subfield code="h">grc</subfield><subfield code="h">egy</subfield></datafield><datafield ind1=" " ind2="7" tag="072"><subfield code="a">ar</subfield><subfield code="2">rero</subfield></datafield><datafield ind1=" " ind2="7" tag="072"><subfield code="a">ae</subfield><subfield code="2">SzZuIDS BS/BE</subfield></datafield><datafield ind1=" " ind2="7" tag="072"><subfield code="a">ag</subfield><subfield code="2">SzZuIDS BS/BE</subfield></datafield><datafield ind1="0" ind2="4" tag="082"><subfield code="a">932.021</subfield><subfield code="2">22/ger</subfield></datafield><datafield ind1="1" ind2="4" tag="082"><subfield code="a">930</subfield><subfield code="2">15</subfield></datafield><datafield ind1=" " ind2=" " tag="084"><subfield code="a">EO 2650</subfield><subfield code="2">rvk</subfield></datafield><datafield ind1=" " ind2=" " tag="084"><subfield code="a">LF 2335</subfield><subfield code="2">rvk</subfield></datafield><datafield ind1=" " ind2=" " tag="084"><subfield code="a">6,12</subfield><subfield code="2">ssgn</subfield></datafield><datafield ind1=" " ind2=" " tag="084"><subfield code="a">930</subfield><subfield code="2">sdnb</subfield></datafield><datafield ind1="1" ind2=" " tag="100"><subfield code="a">Pasek, Steve</subfield><subfield code="d">1975-</subfield><subfield code="0">(DE-588)132726815</subfield><subfield code="6">880-01</subfield></datafield><datafield ind1="1" ind2=" " tag="880"><subfield code="6">100-01</subfield><subfield code="a">Pasek, Steve</subfield><subfield code="d">1975-....</subfield><subfield code="0">(IDREF)128280913</subfield><subfield code="4">cre</subfield></datafield><datafield ind1="1" ind2="0" tag="245"><subfield code="a">Demotische und griechische Urkunden aus Hawara in Übersetzung</subfield><subfield code="c">Steve Pasek</subfield></datafield><datafield ind1=" " ind2="1" tag="264"><subfield code="a">Aachen</subfield><subfield code="b">Shaker Verlag</subfield><subfield code="c">2012</subfield></datafield><datafield ind1=" " ind2=" " tag="300"><subfield code="a">321 p.</subfield></datafield><datafield ind1=" " ind2=" " tag="336"><subfield code="b">txt</subfield><subfield code="2">rdacontent</subfield></datafield><datafield ind1=" " ind2=" " tag="337"><subfield code="b">n</subfield><subfield code="2">rdamedia</subfield></datafield><datafield ind1=" " ind2=" " tag="338"><subfield code="b">nc</subfield><subfield code="2">rdacarrier</subfield></datafield><datafield ind1="1" ind2=" " tag="490"><subfield code="a">Mathemata Demotika</subfield><subfield code="v">Bd. 1</subfield></datafield><datafield ind1=" " ind2=" " tag="500"><subfield code="a">Literaturangaben</subfield></datafield><datafield ind1=" " ind2=" " tag="504"><subfield code="a">Literaturangaben</subfield></datafield><datafield ind1=" " ind2="7" tag="648"><subfield code="a">Geschichte 365 v. Chr.-30 v. Chr</subfield><subfield code="2">gnd</subfield></datafield><datafield ind1=" " ind2="7" tag="648"><subfield code="a">Geschichte</subfield><subfield code="2">gnd</subfield></datafield><datafield ind1=" " ind2="7" tag="650"><subfield code="a">Documents administratifs</subfield><subfield code="0">(IDREF)028549120</subfield><subfield code="2">idref</subfield></datafield><datafield ind1=" " ind2="7" tag="650"><subfield code="a">Grec (langue)</subfield><subfield code="0">(IDREF)027228363</subfield><subfield code="2">idref</subfield></datafield><datafield ind1=" " ind2="7" tag="650"><subfield code="a">Égyptien ancien (langue)</subfield><subfield code="x">Écriture démotique</subfield><subfield code="0">(IDREF)028690737</subfield><subfield code="2">idref</subfield></datafield><datafield ind1=" " ind2="7" tag="650"><subfield code="a">Papyrus</subfield><subfield code="0">(DE-588)4044571-9</subfield><subfield code="2">gnd</subfield></datafield><datafield ind1=" " ind2="7" tag="650"><subfield code="a">Demotisch</subfield><subfield code="0">(DE-588)4120169-3</subfield><subfield code="2">gnd</subfield></datafield><datafield ind1=" " ind2="7" tag="650"><subfield code="a">Griechisch</subfield><subfield code="0">(DE-588)4113791-7</subfield><subfield code="2">gnd</subfield></datafield><datafield ind1=" " ind2="7" tag="650"><subfield code="a">Urkunde</subfield><subfield code="0">(DE-588)4062132-7</subfield><subfield code="2">gnd</subfield></datafield><datafield ind1=" " ind2="0" tag="650"><subfield code="a">Egyptian language</subfield><subfield code="y">Demotic, ca. 650 B.C.-450 A.D</subfield><subfield code="v">Translations into German</subfield></datafield><datafield ind1=" " ind2="0" tag="650"><subfield code="a">Greek language</subfield><subfield code="v">Translations into German</subfield></datafield><datafield ind1=" " ind2="0" tag="650"><subfield code="a">Inscriptions, Egyptian</subfield><subfield code="z">Egypt</subfield><subfield code="z">Hawara Site</subfield></datafield><datafield ind1=" " ind2="0" tag="650"><subfield code="a">Inscriptions, Greek</subfield><subfield code="z">Egypt</subfield><subfield code="z">Hawara Site</subfield></datafield><datafield ind1=" " ind2="0" tag="650"><subfield code="a">Inscriptions</subfield><subfield code="z">Egypt</subfield><subfield code="z">Hawara Site</subfield></datafield><datafield ind1=" " ind2="7" tag="651"><subfield code="a">Égypte</subfield><subfield code="y">Jusqu'à 640</subfield><subfield code="0">(IDREF)027772195</subfield><subfield code="2">idref</subfield></datafield><datafield ind1=" " ind2="7" tag="651"><subfield code="a">Hawara</subfield><subfield code="g">Ägypten</subfield><subfield code="0">(DE-588)4510961-8</subfield><subfield code="2">gnd</subfield></datafield><datafield ind1=" " ind2="0" tag="651"><subfield code="a">Egypt</subfield><subfield code="x">Antiquities</subfield></datafield><datafield ind1=" " ind2="0" tag="651"><subfield code="a">Hawara Site (Egypt)</subfield></datafield><datafield ind1=" " ind2="7" tag="655"><subfield code="a">Quelle</subfield><subfield code="2">gnd-content</subfield></datafield><datafield ind1="4" ind2=" " tag="856"><subfield code="3">Titelblatt und Inhaltsverzeichnis</subfield><subfield code="u">https://toc.library.ethz.ch/objects/pdf/z01_978-3-8440-1049-7_01.pdf</subfield><subfield code="q">pdf</subfield></datafield><datafield ind1=" " ind2="0" tag="830"><subfield code="a">Mathemata Demotika</subfield><subfield code="v">1</subfield><subfield code="w">(NEBIS)007606185EBI01</subfield></datafield><datafield ind1=" " ind2=" " tag="900"><subfield code="a">REROnoselfmerge</subfield></datafield><datafield ind1=" " ind2=" " tag="900"><subfield code="a">IDSZ2zbzmon201301f</subfield><subfield code="c">IDSZ2kobe</subfield><subfield code="d">IDSZ2zbzswk201302b</subfield><subfield code="e">IDSZ2brue</subfield></datafield><datafield ind1=" " ind2=" " tag="949"><subfield code="a">https://toc.library.ethz.ch/objects/pdf/z01_978-3-8440-1049-7_01.pdf</subfield></datafield></record>
</metadata></record>