<record><header><identifier>oai:alma.41SLSP_UGE:991000775179705502</identifier><datestamp>2024-09-21T00:20:34Z</datestamp><setSpec>uge_bcen_RapidILL_BOOK</setSpec><setSpec>uge_aaca_RapidILL_BOOK</setSpec><setSpec>uge_abels_RapidILL_BOOK</setSpec><setSpec>uge_dbu_RapidILL_BOOK</setSpec><setSpec>uge_cmu_RapidILL_BOOK</setSpec><setSpec>uge_mail_RapidILL_BOOK</setSpec><setSpec>uge_abbat_RapidILL_BOOK</setSpec><setSpec>UNIGE_ALL</setSpec><setSpec>uge_acar_RapidILL_BOOK</setSpec><setSpec>uge_aobs_RapidILL_BOOK</setSpec></header><metadata>
<record xmlns="http://www.loc.gov/MARC21/slim" xmlns:xsi="http://www.w3.org/2001/XMLSchema-instance" xsi:schemaLocation="http://www.loc.gov/MARC21/slim http://www.loc.gov/standards/marcxml/schema/MARC21slim.xsd"><leader>01415nam a2200409 c 4500</leader><controlfield tag="001">991000775179705502</controlfield><controlfield tag="005">20240920202727.0</controlfield><controlfield tag="008">201012s1983    xxu||||| |||| 00| ||eng d</controlfield><datafield ind1=" " ind2=" " tag="020"><subfield code="a">0471865265</subfield></datafield><datafield ind1=" " ind2=" " tag="035"><subfield code="a">(swissbib)243101384-41slsp_network</subfield></datafield><datafield ind1=" " ind2=" " tag="035"><subfield code="a">243101384</subfield><subfield code="9">ExL</subfield></datafield><datafield ind1=" " ind2=" " tag="035"><subfield code="a">(RERO)1960920-41slsp</subfield></datafield><datafield ind1=" " ind2=" " tag="035"><subfield code="a">(IDSBB)000056418DSV01</subfield></datafield><datafield ind1=" " ind2=" " tag="035"><subfield code="a">(NEBIS)000313649EBI01</subfield></datafield><datafield ind1=" " ind2=" " tag="035"><subfield code="a">(EXLNZ-41SLSP_NETWORK)991091622379705501</subfield></datafield><datafield ind1=" " ind2=" " tag="040"><subfield code="a">RERO geucui</subfield><subfield code="d">CH-ZuSLS</subfield></datafield><datafield ind1=" " ind2=" " tag="044"><subfield code="a">xxu</subfield><subfield code="a">xxk</subfield></datafield><datafield ind1=" " ind2="7" tag="072"><subfield code="a">in</subfield><subfield code="2">rero</subfield></datafield><datafield ind1=" " ind2="7" tag="072"><subfield code="a">bw</subfield><subfield code="2">SzZuIDS BS/BE</subfield></datafield><datafield ind1=" " ind2=" " tag="084"><subfield code="a">ST 271</subfield><subfield code="2">rvk</subfield></datafield><datafield ind1="1" ind2=" " tag="100"><subfield code="a">Perry, William E.</subfield><subfield code="0">(IDREF)060156767</subfield><subfield code="4">cre</subfield></datafield><datafield ind1="1" ind2="0" tag="245"><subfield code="a">Ensuring data base integrity</subfield><subfield code="c">William E. Perry</subfield></datafield><datafield ind1=" " ind2="1" tag="264"><subfield code="a">New York [etc.]</subfield><subfield code="b">J. Wiley</subfield><subfield code="c">[1983]</subfield></datafield><datafield ind1=" " ind2="4" tag="264"><subfield code="c">© 1983</subfield></datafield><datafield ind1=" " ind2=" " tag="300"><subfield code="a">IX, 378 p.</subfield><subfield code="c">29 cm</subfield><subfield code="b">fig.; tab.</subfield></datafield><datafield ind1=" " ind2=" " tag="336"><subfield code="b">txt</subfield><subfield code="2">rdacontent</subfield></datafield><datafield ind1=" " ind2=" " tag="337"><subfield code="b">n</subfield><subfield code="2">rdamedia</subfield></datafield><datafield ind1=" " ind2=" " tag="338"><subfield code="b">nc</subfield><subfield code="2">rdacarrier</subfield></datafield><datafield ind1="1" ind2=" " tag="490"><subfield code="a">A Ronald Press publication</subfield></datafield><datafield ind1=" " ind2="7" tag="650"><subfield code="a">base de données - évaluation</subfield><subfield code="0">(RERO)A010049452</subfield><subfield code="2">rerovoc</subfield></datafield><datafield ind1=" " ind2="7" tag="650"><subfield code="a">base de données - gestion</subfield><subfield code="0">(RERO)A009965543</subfield><subfield code="2">rerovoc</subfield></datafield><datafield ind1=" " ind2="7" tag="650"><subfield code="a">Datenbank</subfield><subfield code="x">Kontrolle</subfield><subfield code="2">idsbb</subfield></datafield><datafield ind1=" " ind2="7" tag="650"><subfield code="a">Datenschutz</subfield><subfield code="x">Unternehmen</subfield><subfield code="2">idsbb</subfield></datafield><datafield ind1=" " ind2="7" tag="650"><subfield code="a">Unternehmen</subfield><subfield code="x">Datenschutz</subfield><subfield code="2">idsbb</subfield></datafield><datafield ind1=" " ind2="7" tag="650"><subfield code="a">INFORMATIONSDATENBANKEN + FACHSPEZIFISCHE DATENBANKEN (BIBLIOTHEKSWESEN)</subfield><subfield code="9">ger</subfield><subfield code="0">(ETHUDK)000009308</subfield><subfield code="2">ethudk</subfield></datafield><datafield ind1="1" ind2=" " tag="700"><subfield code="a">Perry, W.E.</subfield></datafield><datafield ind1=" " ind2=" " tag="830"><subfield code="a">Ronald Press Publications</subfield><subfield code="w">(RERO)0374858-41slsp</subfield></datafield><datafield ind1=" " ind2=" " tag="900"><subfield code="a">REROnoselfmerge</subfield></datafield></record>
</metadata></record>