<record><header><identifier>oai:alma.41SLSP_UGE:991000775369705502</identifier><datestamp>2023-06-26T00:15:29Z</datestamp><setSpec>UNIGE_ALL</setSpec></header><metadata>
<record xmlns="http://www.loc.gov/MARC21/slim" xmlns:xsi="http://www.w3.org/2001/XMLSchema-instance" xsi:schemaLocation="http://www.loc.gov/MARC21/slim http://www.loc.gov/standards/marcxml/schema/MARC21slim.xsd"><leader>00918ngm a22002777c 4500</leader><controlfield tag="001">991000775369705502</controlfield><controlfield tag="005">20230625102347.0</controlfield><controlfield tag="007">vd |v||||</controlfield><controlfield tag="008">090224s2000    fr ||| |          v|fre d</controlfield><datafield ind1=" " ind2=" " tag="035"><subfield code="a">(swissbib)107749289-41slsp_network</subfield></datafield><datafield ind1=" " ind2=" " tag="035"><subfield code="a">107749289</subfield><subfield code="9">ExL</subfield></datafield><datafield ind1=" " ind2=" " tag="035"><subfield code="a">(RERO)R005005867-41slsp</subfield></datafield><datafield ind1=" " ind2=" " tag="035"><subfield code="a">(EXLNZ-41SLSP_NETWORK)991016889229705501</subfield></datafield><datafield ind1=" " ind2=" " tag="040"><subfield code="a">RERO geucds</subfield><subfield code="d">CH-ZuSLS</subfield></datafield><datafield ind1=" " ind2="7" tag="072"><subfield code="a">me</subfield><subfield code="2">rero</subfield></datafield><datafield ind1="0" ind2="0" tag="245"><subfield code="a">&lt;&lt;L'&gt;&gt;encyclopédie du corps humain</subfield><subfield code="n">1</subfield></datafield><datafield ind1=" " ind2="1" tag="264"><subfield code="a">[Lieu de publication non identifié]</subfield><subfield code="b">Alpamédia</subfield><subfield code="c">[2000]</subfield></datafield><datafield ind1=" " ind2=" " tag="300"><subfield code="a">1 DVD vidéo</subfield><subfield code="b">couleur PAL</subfield></datafield><datafield ind1=" " ind2=" " tag="336"><subfield code="b">tdi</subfield><subfield code="2">rdacontent</subfield></datafield><datafield ind1=" " ind2=" " tag="337"><subfield code="b">v</subfield><subfield code="2">rdamedia</subfield></datafield><datafield ind1=" " ind2=" " tag="338"><subfield code="b">vd</subfield><subfield code="2">rdacarrier</subfield></datafield><datafield ind1=" " ind2=" " tag="500"><subfield code="a">Ecran 4/3</subfield></datafield><datafield ind1=" " ind2=" " tag="500"><subfield code="a">Durée du film: 1h40 min</subfield></datafield><datafield ind1=" " ind2=" " tag="500"><subfield code="a">Dans ce vol.: Les yeux et la vue - Les oreilles et l'ouïe - Le goût et l'odorat - Bonus: La peau</subfield></datafield><datafield ind1=" " ind2=" " tag="500"><subfield code="a">Données vidéo</subfield></datafield><datafield ind1=" " ind2="7" tag="650"><subfield code="a">Corps humain</subfield><subfield code="0">(IDREF)027230996</subfield><subfield code="2">idref</subfield></datafield><datafield ind1=" " ind2="7" tag="655"><subfield code="a">DVD</subfield><subfield code="2">idref</subfield><subfield code="0">(IDREF)035108444</subfield></datafield></record>
</metadata></record>