<record><header><identifier>oai:alma.41SLSP_UGE:991000775679705502</identifier><datestamp>2023-07-01T00:23:12Z</datestamp><setSpec>uge_bcen_RapidILL_BOOK</setSpec><setSpec>uge_aaca_RapidILL_BOOK</setSpec><setSpec>uge_abels_RapidILL_BOOK</setSpec><setSpec>uge_dbu_RapidILL_BOOK</setSpec><setSpec>uge_cmu_RapidILL_BOOK</setSpec><setSpec>uge_mail_RapidILL_BOOK</setSpec><setSpec>uge_abbat_RapidILL_BOOK</setSpec><setSpec>UNIGE_ALL</setSpec><setSpec>uge_aobs_RapidILL_BOOK</setSpec><setSpec>uge_acar_RapidILL_BOOK</setSpec></header><metadata>
<record xmlns="http://www.loc.gov/MARC21/slim" xmlns:xsi="http://www.w3.org/2001/XMLSchema-instance" xsi:schemaLocation="http://www.loc.gov/MARC21/slim http://www.loc.gov/standards/marcxml/schema/MARC21slim.xsd"><leader>05288nam a2201069 c 4500</leader><controlfield tag="001">991000775679705502</controlfield><controlfield tag="005">20230630115243.0</controlfield><controlfield tag="008">201011t20072007it ||||| |||| 10| ||ita d</controlfield><datafield ind1=" " ind2=" " tag="020"><subfield code="a">9788837051044</subfield><subfield code="q">br.</subfield></datafield><datafield ind1=" " ind2=" " tag="020"><subfield code="a">9788837051051</subfield></datafield><datafield ind1=" " ind2=" " tag="035"><subfield code="a">(swissbib)221697187-41slsp_network</subfield></datafield><datafield ind1=" " ind2=" " tag="035"><subfield code="a">221697187</subfield><subfield code="9">ExL</subfield></datafield><datafield ind1=" " ind2=" " tag="035"><subfield code="a">(RERO)R004678342-41slsp</subfield></datafield><datafield ind1=" " ind2=" " tag="035"><subfield code="a">(SBT)000608936SBT01</subfield></datafield><datafield ind1=" " ind2=" " tag="035"><subfield code="a">(IDSBB)004488888DSV01</subfield></datafield><datafield ind1=" " ind2=" " tag="035"><subfield code="a">(NEBIS)005623683EBI01</subfield></datafield><datafield ind1=" " ind2=" " tag="035"><subfield code="a">(EXLNZ-41SLSP_NETWORK)991025489089705501</subfield></datafield><datafield ind1=" " ind2=" " tag="040"><subfield code="a">ItFiC</subfield><subfield code="b">ita</subfield><subfield code="e">rda</subfield><subfield code="d">CH-ZuSLS</subfield></datafield><datafield ind1="0" ind2=" " tag="041"><subfield code="a">ita</subfield><subfield code="a">fre</subfield><subfield code="a">eng</subfield><subfield code="a">spa</subfield></datafield><datafield ind1="0" ind2="0" tag="050"><subfield code="a">NA5453 $b.M42 2007</subfield></datafield><datafield ind1=" " ind2=" " tag="050"><subfield code="a">N</subfield></datafield><datafield ind1=" " ind2="7" tag="072"><subfield code="a">ba</subfield><subfield code="2">rero</subfield></datafield><datafield ind1=" " ind2="7" tag="072"><subfield code="a">hm</subfield><subfield code="2">rero</subfield></datafield><datafield ind1=" " ind2="7" tag="072"><subfield code="a">kh</subfield><subfield code="2">SzZuIDS BS/BE</subfield></datafield><datafield ind1=" " ind2="7" tag="072"><subfield code="a">ac</subfield><subfield code="2">SzZuIDS BS/BE</subfield></datafield><datafield ind1="0" ind2="4" tag="082"><subfield code="a">709</subfield><subfield code="2">21</subfield></datafield><datafield ind1="1" ind2="4" tag="082"><subfield code="a">709</subfield><subfield code="2">21</subfield></datafield><datafield ind1="1" ind2="4" tag="082"><subfield code="a">709.02</subfield></datafield><datafield ind1="0" ind2="0" tag="245"><subfield code="a">Medioevo</subfield><subfield code="b">la chiesa e il palazzo : atti del convegno internazionale di studi, Parma, 20-24 settembre 2005</subfield><subfield code="c">a cura di Arturo Carlo Quintavalle</subfield></datafield><datafield ind1=" " ind2="1" tag="264"><subfield code="a">Milano</subfield><subfield code="b">Electa</subfield><subfield code="c">2007</subfield></datafield><datafield ind1=" " ind2="4" tag="264"><subfield code="c">© 2007</subfield></datafield><datafield ind1=" " ind2=" " tag="300"><subfield code="a">722 pagine</subfield><subfield code="b">illustrazioni</subfield><subfield code="c">34 cm</subfield></datafield><datafield ind1=" " ind2=" " tag="336"><subfield code="b">txt</subfield><subfield code="2">rdacontent</subfield></datafield><datafield ind1=" " ind2=" " tag="337"><subfield code="b">n</subfield><subfield code="2">rdamedia</subfield></datafield><datafield ind1=" " ind2=" " tag="338"><subfield code="b">nc</subfield><subfield code="2">rdacarrier</subfield></datafield><datafield ind1="1" ind2=" " tag="490"><subfield code="a">I convegni di Parma</subfield><subfield code="v">8</subfield></datafield><datafield ind1=" " ind2=" " tag="500"><subfield code="a">Contient une contribution de Serena Romano, prof. à l'Université de Lausanne</subfield></datafield><datafield ind1=" " ind2=" " tag="500"><subfield code="a">Sul frontespizio: Centro studi medievali Università degli studi di Parma ; Fondazione Monte di Parma</subfield></datafield><datafield ind1=" " ind2=" " tag="500"><subfield code="a">At head of title: Centro studi medievali, Università degli studi di Parma; Fondazione Cariparma</subfield></datafield><datafield ind1=" " ind2=" " tag="504"><subfield code="a">Includes bibliographical references</subfield></datafield><datafield ind1=" " ind2=" " tag="520"><subfield code="a">Il volume raccoglie gli atti del convegno internazionale di studi (Parma, 20 - 24 settembre 2005) intitolato &quot;Medioevo: la chiesa e il palazzo&quot;. Il volume, che raccoglie una sessantina di contributi di alcuni dei maggiori studiosi dell'arte e della civiltà medioevale, è destinato a diventare, come gli altri volumi della collana, un punto di riferimento utile per gli storici dell'arte e della civiltà medievale.</subfield><subfield code="5">SBT/26.01.2010/BUL/RCG</subfield></datafield><datafield ind1=" " ind2=" " tag="546"><subfield code="a">Texte ital., engl., franz. oder span.</subfield></datafield><datafield ind1=" " ind2=" " tag="546"><subfield code="a">Contributi in italiano, francese, inglese e spagnolo</subfield></datafield><datafield ind1=" " ind2="7" tag="648"><subfield code="a">Geschichte 500-1500</subfield><subfield code="2">idszbz</subfield></datafield><datafield ind1=" " ind2="7" tag="648"><subfield code="a">Geschichte 500-1000</subfield><subfield code="2">idszbz</subfield></datafield><datafield ind1=" " ind2="7" tag="648"><subfield code="a">Geschichte 1000-1500</subfield><subfield code="2">idszbz</subfield></datafield><datafield ind1=" " ind2="7" tag="648"><subfield code="a">Geschichte 500-1500</subfield><subfield code="2">gnd</subfield></datafield><datafield ind1=" " ind2="7" tag="650"><subfield code="a">Chiese</subfield><subfield code="x">Architettura medievale</subfield><subfield code="y">Sec. 9.-13.</subfield><subfield code="x">Atti di congressi</subfield><subfield code="2">sbt12</subfield></datafield><datafield ind1=" " ind2="7" tag="650"><subfield code="a">Palazzi $x Architettura medievale</subfield><subfield code="y">Sec. 9.-13.</subfield><subfield code="x">Atti di congressi</subfield><subfield code="2">sbt12</subfield></datafield><datafield ind1=" " ind2="0" tag="650"><subfield code="a">Architecture, Medieval</subfield><subfield code="v">Congresses</subfield></datafield><datafield ind1=" " ind2="0" tag="650"><subfield code="a">Art, Medieval</subfield><subfield code="v">Congresses</subfield></datafield><datafield ind1=" " ind2="0" tag="650"><subfield code="a">Church architecture</subfield><subfield code="z">Europe</subfield><subfield code="v">Congresses</subfield></datafield><datafield ind1=" " ind2="0" tag="650"><subfield code="a">Cities and towns, Medieval</subfield><subfield code="v">Congresses</subfield></datafield><datafield ind1=" " ind2="0" tag="650"><subfield code="a">Palaces</subfield><subfield code="x">History</subfield><subfield code="y">To 1500</subfield><subfield code="v">Congresses</subfield></datafield><datafield ind1=" " ind2="7" tag="650"><subfield code="a">Palais</subfield><subfield code="0">(IDREF)027304930</subfield><subfield code="2">idref</subfield></datafield><datafield ind1=" " ind2="7" tag="650"><subfield code="a">Urbanisme</subfield><subfield code="0">(IDREF)027254925</subfield><subfield code="2">idref</subfield></datafield><datafield ind1=" " ind2="7" tag="650"><subfield code="a">Moyen âge</subfield><subfield code="0">(IDREF)027329917</subfield><subfield code="2">idref</subfield></datafield><datafield ind1=" " ind2="7" tag="650"><subfield code="a">Églises</subfield><subfield code="0">(IDREF)02726663X</subfield><subfield code="2">idref</subfield></datafield><datafield ind1=" " ind2="7" tag="650"><subfield code="a">Kirchenbau</subfield><subfield code="x">Repräsentation</subfield><subfield code="y">Geschichte Mittelalter</subfield><subfield code="v">Kongressbericht</subfield><subfield code="2">idsbb</subfield></datafield><datafield ind1=" " ind2="7" tag="650"><subfield code="a">Palast</subfield><subfield code="x">Repräsentation</subfield><subfield code="y">Geschichte Mittelalter</subfield><subfield code="v">Kongressbericht</subfield><subfield code="2">idsbb</subfield></datafield><datafield ind1=" " ind2="7" tag="650"><subfield code="a">Repräsentation</subfield><subfield code="x">Kirchenbau</subfield><subfield code="y">Geschichte Mittelalter</subfield><subfield code="v">Kongressbericht</subfield><subfield code="2">idsbb</subfield></datafield><datafield ind1=" " ind2="7" tag="650"><subfield code="a">Repräsentation</subfield><subfield code="x">Palast</subfield><subfield code="y">Geschichte Mittelalter</subfield><subfield code="v">Kongressbericht</subfield><subfield code="2">idsbb</subfield></datafield><datafield ind1=" " ind2="7" tag="650"><subfield code="a">Palast</subfield><subfield code="x">Kirchenbau</subfield><subfield code="y">Geschichte Mittelalter</subfield><subfield code="v">Kongressbericht</subfield><subfield code="2">idsbb</subfield></datafield><datafield ind1=" " ind2="7" tag="650"><subfield code="a">Kirchenbau</subfield><subfield code="x">Palast</subfield><subfield code="y">Geschichte Mittelalter</subfield><subfield code="v">Kongressbericht</subfield><subfield code="2">idsbb</subfield></datafield><datafield ind1=" " ind2="7" tag="650"><subfield code="a">Palast</subfield><subfield code="2">idszbz</subfield></datafield><datafield ind1=" " ind2="7" tag="650"><subfield code="a">Kirchenbau</subfield><subfield code="2">idszbz</subfield></datafield><datafield ind1=" " ind2="7" tag="650"><subfield code="a">Hof</subfield><subfield code="0">(DE-588)4025453-7</subfield><subfield code="2">gnd</subfield></datafield><datafield ind1=" " ind2="7" tag="650"><subfield code="a">Katholische Kirche</subfield><subfield code="g">Motiv</subfield><subfield code="0">(DE-588)4199199-0</subfield><subfield code="2">gnd</subfield></datafield><datafield ind1=" " ind2="7" tag="650"><subfield code="a">Kirchenbau</subfield><subfield code="0">(DE-588)4073436-5</subfield><subfield code="2">gnd</subfield></datafield><datafield ind1=" " ind2="7" tag="650"><subfield code="a">Palast</subfield><subfield code="0">(DE-588)4044394-2</subfield><subfield code="2">gnd</subfield></datafield><datafield ind1=" " ind2="7" tag="651"><subfield code="a">Europe</subfield><subfield code="0">(IDREF)027224651</subfield><subfield code="2">idref</subfield></datafield><datafield ind1=" " ind2="7" tag="655"><subfield code="a">Atti di congressi</subfield><subfield code="2">sbt12-content</subfield></datafield><datafield ind1=" " ind2="7" tag="655"><subfield code="a">Actes de congrès</subfield><subfield code="0">(IDREF)02886431X</subfield><subfield code="2">idref</subfield></datafield><datafield ind1=" " ind2="7" tag="655"><subfield code="a">Konferenzschrift</subfield><subfield code="z">Parma</subfield><subfield code="y">2005</subfield><subfield code="2">gnd-content</subfield></datafield><datafield ind1=" " ind2="7" tag="655"><subfield code="a">Aufsatzsammlung</subfield><subfield code="2">idszbz</subfield></datafield><datafield ind1=" " ind2=" " tag="690"><subfield code="a">Kongress. Italien. Parma</subfield><subfield code="2">uzb-US</subfield></datafield><datafield ind1=" " ind2=" " tag="690"><subfield code="a">Kirche. Mittelalter</subfield><subfield code="2">uzb-US</subfield></datafield><datafield ind1=" " ind2=" " tag="690"><subfield code="a">Palast. Mittelalter</subfield><subfield code="2">uzb-US</subfield></datafield><datafield ind1=" " ind2=" " tag="691"><subfield code="e">720.033</subfield><subfield code="2">usi-TM</subfield></datafield><datafield ind1=" " ind2=" " tag="691"><subfield code="e">726</subfield><subfield code="a">Architettura di edifici per usi religiosi e connessi alla religione</subfield><subfield code="2">usi-TE</subfield></datafield><datafield ind1="1" ind2=" " tag="700"><subfield code="a">Romano, Serena</subfield><subfield code="0">(RERO)A003757750</subfield><subfield code="4">ctb</subfield></datafield><datafield ind1="1" ind2=" " tag="700"><subfield code="6">880-03</subfield><subfield code="a">Quintavalle, Arturo Carlo</subfield><subfield code="d">1936-</subfield><subfield code="0">(DE-588)127379789</subfield><subfield code="4">edt</subfield></datafield><datafield ind1="1" ind2=" " tag="880"><subfield code="6">700-03</subfield><subfield code="a">Quintavalle, Arturo Carlo</subfield><subfield code="d">1936-....</subfield><subfield code="0">(IDREF)027086658</subfield></datafield><datafield ind1="1" ind2=" " tag="880"><subfield code="6">700-03</subfield><subfield code="a">Quintavalle, Arturo Carlo</subfield><subfield code="0">(SBT11)000010525</subfield></datafield><datafield ind1="2" ind2=" " tag="710"><subfield code="a">Università degli studi (Parma)</subfield><subfield code="b">Centro di studi medievali</subfield><subfield code="0">(SBT11)000007883</subfield></datafield><datafield ind1="1" ind2=" " tag="710"><subfield code="a">Fondazione Monte di Parma</subfield></datafield><datafield ind1="2" ind2=" " tag="710"><subfield code="a">Università di Parma</subfield><subfield code="b">Centro di studi medievali</subfield><subfield code="b">Convegno internazionale di studi</subfield><subfield code="d">2005</subfield><subfield code="c">Parma</subfield><subfield code="0">(RERO)A013891823</subfield></datafield><datafield ind1="4" ind2="2" tag="856"><subfield code="u">http://www.loc.gov/catdir/toc/casalini07/07599528.pdf</subfield></datafield><datafield ind1="4" ind2=" " tag="856"><subfield code="3">Titelblatt und Inhaltsverzeichnis</subfield><subfield code="u">https://toc.library.ethz.ch/objects/pdf/z01_978-88-370-5104-4_01.pdf</subfield><subfield code="q">pdf</subfield></datafield><datafield ind1=" " ind2="0" tag="830"><subfield code="a">&lt;&lt;I&gt;&gt; convegni di Parma</subfield><subfield code="v">8</subfield><subfield code="w">(NEBIS)004310828EBI01</subfield></datafield><datafield ind1=" " ind2=" " tag="900"><subfield code="a">IDSZ2zbzmon200808f</subfield><subfield code="c">IDSZ2hilb</subfield><subfield code="d">IDSZ2zbzswk200903b</subfield><subfield code="e">IDSZ2kupp</subfield></datafield><datafield ind1=" " ind2=" " tag="949"><subfield code="a">http://www.loc.gov/catdir/toc/casalini07/07599528.pdf</subfield></datafield><datafield ind1=" " ind2=" " tag="949"><subfield code="a">https://toc.library.ethz.ch/objects/pdf/z01_978-88-370-5104-4_01.pdf</subfield></datafield><datafield ind1=" " ind2=" " tag="993"><subfield code="a">BFLB 27823/8</subfield><subfield code="x">ge/ulha/a/10/0511</subfield><subfield code="9">LOCAL</subfield></datafield></record>
</metadata></record>