<record><header><identifier>oai:alma.41SLSP_UGE:991000775689705502</identifier><datestamp>2023-03-01T01:09:35Z</datestamp><setSpec>uge_bcen_RapidILL_BOOK</setSpec><setSpec>uge_aaca_RapidILL_BOOK</setSpec><setSpec>uge_abels_RapidILL_BOOK</setSpec><setSpec>uge_dbu_RapidILL_BOOK</setSpec><setSpec>uge_cmu_RapidILL_BOOK</setSpec><setSpec>uge_mail_RapidILL_BOOK</setSpec><setSpec>UNIGE_ALL</setSpec><setSpec>uge_abbat_RapidILL_BOOK</setSpec><setSpec>uge_aobs_RapidILL_BOOK</setSpec><setSpec>uge_acar_RapidILL_BOOK</setSpec></header><metadata>
<record xmlns="http://www.loc.gov/MARC21/slim" xmlns:xsi="http://www.w3.org/2001/XMLSchema-instance" xsi:schemaLocation="http://www.loc.gov/MARC21/slim http://www.loc.gov/standards/marcxml/schema/MARC21slim.xsd"><leader>01838nam a2200409uca4500</leader><controlfield tag="001">991000775689705502</controlfield><controlfield tag="005">20201229205732.0</controlfield><controlfield tag="008">201011s1977    xxu    |      10| ||eng|d</controlfield><datafield ind1=" " ind2=" " tag="010"><subfield code="a">77023168</subfield></datafield><datafield ind1=" " ind2=" " tag="035"><subfield code="a">(swissbib)21348403X-41slsp_network</subfield></datafield><datafield ind1=" " ind2=" " tag="035"><subfield code="a">21348403X</subfield><subfield code="9">ExL</subfield></datafield><datafield ind1=" " ind2=" " tag="035"><subfield code="a">(NEBIS)000649951EBI01</subfield></datafield><datafield ind1=" " ind2=" " tag="035"><subfield code="a">(RERO)2035229-41slsp</subfield></datafield><datafield ind1=" " ind2=" " tag="035"><subfield code="a">(NEBIS)008891245EBI01</subfield></datafield><datafield ind1=" " ind2=" " tag="035"><subfield code="a">(EXLNZ-41SLSP_NETWORK)991069019079705501</subfield></datafield><datafield ind1=" " ind2=" " tag="040"><subfield code="a">ETH-BIB</subfield><subfield code="b">ger</subfield><subfield code="e">ETHICS-ISBD</subfield><subfield code="d">CH-ZuSLS</subfield></datafield><datafield ind1=" " ind2="7" tag="072"><subfield code="a">ma</subfield><subfield code="2">rero</subfield></datafield><datafield ind1=" " ind2=" " tag="084"><subfield code="a">32</subfield><subfield code="2">msc</subfield></datafield><datafield ind1="0" ind2="0" tag="245"><subfield code="a">Several complex variables</subfield><subfield code="c">[ed. by R.O. Wells, Jr.]</subfield></datafield><datafield ind1=" " ind2="1" tag="264"><subfield code="a">Providence, Rhode Island</subfield><subfield code="b">American Mathematical Society</subfield><subfield code="c">1977</subfield></datafield><datafield ind1=" " ind2=" " tag="300"><subfield code="a">2 vol.</subfield><subfield code="c">26 cm</subfield></datafield><datafield ind1=" " ind2=" " tag="336"><subfield code="b">txt</subfield><subfield code="2">rdacontent</subfield></datafield><datafield ind1=" " ind2=" " tag="337"><subfield code="b">n</subfield><subfield code="2">rdamedia</subfield></datafield><datafield ind1=" " ind2=" " tag="338"><subfield code="b">nc</subfield><subfield code="2">rdacarrier</subfield></datafield><datafield ind1="1" ind2=" " tag="490"><subfield code="a">Proceedings of symposia in pure mathematics</subfield><subfield code="v">vol. 30</subfield></datafield><datafield ind1=" " ind2=" " tag="500"><subfield code="a">&quot;Proceedings of the Symposium in Pure Mathematics of the American Mathematical Society, held at Williams College, Williamstown, Massachusetts, July 28 - August 15, 1975&quot;. - &quot;... twenty-third summer research institute ...&quot;</subfield></datafield><datafield ind1=" " ind2=" " tag="500"><subfield code="a">Congrès de mathématiques. Williamstown, Mass. 1975</subfield></datafield><datafield ind1=" " ind2="7" tag="650"><subfield code="a">FUNKTIONEN MEHRERER KOMPLEXER VARIABLER (ANALYSIS)</subfield><subfield code="9">ger</subfield><subfield code="0">(ETHUDK)000013297</subfield><subfield code="2">ethudk</subfield></datafield><datafield ind1=" " ind2="7" tag="655"><subfield code="a">Konferenzschrift</subfield><subfield code="z">Williamstown (MA)</subfield><subfield code="y">1975</subfield><subfield code="2">gnd-content</subfield></datafield><datafield ind1=" " ind2="7" tag="655"><subfield code="a">Konferenzschrift</subfield><subfield code="z">Williamstown, Mass.</subfield><subfield code="y">1975</subfield><subfield code="2">gnd-content</subfield></datafield><datafield ind1="1" ind2=" " tag="700"><subfield code="a">Wells, Raymond O'Neil</subfield><subfield code="d">1940-....</subfield><subfield code="0">(IDREF)031616984</subfield></datafield><datafield ind1="1" ind2=" " tag="700"><subfield code="a">Wells, Raymond O.</subfield><subfield code="d">1940-</subfield><subfield code="0">(DE-588)120568853</subfield></datafield><datafield ind1="2" ind2=" " tag="710"><subfield code="a">American Mathematical Society</subfield><subfield code="0">(DE-588)6924-3</subfield></datafield><datafield ind1="2" ind2=" " tag="711"><subfield code="a">Symposium in pure mathematics</subfield><subfield code="d">1975</subfield><subfield code="c">Williamstown, Mass.</subfield><subfield code="0">(IDREF)034362657</subfield></datafield><datafield ind1="2" ind2=" " tag="711"><subfield code="a">Symposium in Pure Mathematics</subfield><subfield code="0">(DE-588)3987-1</subfield></datafield><datafield ind1=" " ind2=" " tag="830"><subfield code="a">Proceedings of symposia in pure mathematics</subfield><subfield code="v">30</subfield><subfield code="w">(NEBIS)000022706EBI01</subfield></datafield><datafield ind1=" " ind2=" " tag="900"><subfield code="a">REROnoselfmerge</subfield></datafield><datafield ind1=" " ind2=" " tag="900"><subfield code="f">IDSU2medea</subfield></datafield></record>
</metadata></record>