<record><header><identifier>oai:alma.41SLSP_UGE:991000775059705502</identifier><datestamp>2023-04-17T00:12:39Z</datestamp><setSpec>uge_bcen_RapidILL_BOOK</setSpec><setSpec>uge_aaca_RapidILL_BOOK</setSpec><setSpec>uge_abels_RapidILL_BOOK</setSpec><setSpec>uge_dbu_RapidILL_BOOK</setSpec><setSpec>uge_cmu_RapidILL_BOOK</setSpec><setSpec>uge_mail_RapidILL_BOOK</setSpec><setSpec>uge_abbat_RapidILL_BOOK</setSpec><setSpec>UNIGE_ALL</setSpec><setSpec>uge_aobs_RapidILL_BOOK</setSpec><setSpec>uge_acar_RapidILL_BOOK</setSpec></header><metadata>
<record xmlns="http://www.loc.gov/MARC21/slim" xmlns:xsi="http://www.w3.org/2001/XMLSchema-instance" xsi:schemaLocation="http://www.loc.gov/MARC21/slim http://www.loc.gov/standards/marcxml/schema/MARC21slim.xsd"><leader>02460nam a2200577 c 4500</leader><controlfield tag="001">991000775059705502</controlfield><controlfield tag="005">20230416105805.0</controlfield><controlfield tag="008">201011s2008    gw            00| | ger  </controlfield><datafield ind1=" " ind2=" " tag="020"><subfield code="a">9783518418093</subfield></datafield><datafield ind1="7" ind2=" " tag="024"><subfield code="a">http://catalogue.bnf.fr/ark:/12148/cb43580718d</subfield><subfield code="2">uri</subfield></datafield><datafield ind1=" " ind2=" " tag="035"><subfield code="a">(swissbib)215755871-41slsp_network</subfield></datafield><datafield ind1=" " ind2=" " tag="035"><subfield code="a">215755871</subfield><subfield code="9">ExL</subfield></datafield><datafield ind1=" " ind2=" " tag="035"><subfield code="a">(IDSBB)004685740DSV01</subfield></datafield><datafield ind1=" " ind2=" " tag="035"><subfield code="a">(RERO)R005389802-41slsp</subfield></datafield><datafield ind1=" " ind2=" " tag="035"><subfield code="a">(NEBIS)005716384EBI01</subfield></datafield><datafield ind1=" " ind2=" " tag="035"><subfield code="a">(EXLNZ-41SLSP_NETWORK)991142516679705501</subfield></datafield><datafield ind1=" " ind2=" " tag="040"><subfield code="a">SzZuIDS NEBIS ZBZ</subfield><subfield code="e">kids</subfield><subfield code="d">CH-ZuSLS</subfield></datafield><datafield ind1=" " ind2="7" tag="072"><subfield code="a">nd</subfield><subfield code="2">SzZuIDS BS/BE</subfield></datafield><datafield ind1=" " ind2="7" tag="072"><subfield code="a">al</subfield><subfield code="2">rero</subfield></datafield><datafield ind1="0" ind2="4" tag="082"><subfield code="a">838.9</subfield><subfield code="2">22</subfield></datafield><datafield ind1="1" ind2="4" tag="082"><subfield code="a">830</subfield><subfield code="2">15</subfield></datafield><datafield ind1=" " ind2=" " tag="084"><subfield code="a">GN 7275</subfield><subfield code="2">rvk</subfield></datafield><datafield ind1=" " ind2=" " tag="084"><subfield code="a">B</subfield><subfield code="2">sdnb</subfield></datafield><datafield ind1="1" ind2=" " tag="100"><subfield code="a">Koeppen, Wolfgang</subfield><subfield code="d">1906-1996</subfield><subfield code="0">(DE-588)118564471</subfield><subfield code="6">880-01</subfield></datafield><datafield ind1="1" ind2=" " tag="880"><subfield code="a">Koeppen, Wolfgang</subfield><subfield code="0">(RERO)A003464613</subfield><subfield code="4">cre</subfield><subfield code="6">100-01</subfield></datafield><datafield ind1="1" ind2="0" tag="245"><subfield code="a">Amerikafahrt und andere Reisen in die Neue Welt</subfield><subfield code="c">Wolfgang Koeppen ; hrsg. von Walter Erhart ... [et al.]</subfield></datafield><datafield ind1=" " ind2="1" tag="264"><subfield code="a">Frankfurt am Main</subfield><subfield code="b">Suhrkamp</subfield><subfield code="c">2008</subfield></datafield><datafield ind1=" " ind2=" " tag="300"><subfield code="a">330 S.</subfield><subfield code="b">Ill.</subfield></datafield><datafield ind1=" " ind2=" " tag="336"><subfield code="b">txt</subfield><subfield code="2">rdacontent</subfield></datafield><datafield ind1=" " ind2=" " tag="337"><subfield code="b">n</subfield><subfield code="2">rdamedia</subfield></datafield><datafield ind1=" " ind2=" " tag="338"><subfield code="b">nc</subfield><subfield code="2">rdacarrier</subfield></datafield><datafield ind1="1" ind2=" " tag="490"><subfield code="a">Werke / Wolfgang Koeppen</subfield><subfield code="v">Bd. 9</subfield></datafield><datafield ind1="0" ind2=" " tag="505"><subfield code="a">Amerikafahrt ; New York (1961) ; New York (1976) ; Ein Ort, aufs innigste sich hinzuwünschen ; Ein Wiedersehen mit New York ; Notizen</subfield></datafield><datafield ind1="1" ind2="0" tag="600"><subfield code="a">Koeppen, Wolfgang</subfield><subfield code="d">1906-1996</subfield><subfield code="x">Travel</subfield><subfield code="z">New York (State)</subfield><subfield code="z">New York</subfield></datafield><datafield ind1="1" ind2="0" tag="600"><subfield code="a">Koeppen, Wolfgang</subfield><subfield code="d">1906-1996</subfield><subfield code="x">Travel</subfield><subfield code="z">United States</subfield></datafield><datafield ind1=" " ind2="7" tag="648"><subfield code="a">Geschichte 1950-2000</subfield><subfield code="2">idszbz</subfield></datafield><datafield ind1=" " ind2="7" tag="650"><subfield code="a">Reiseliteratur</subfield><subfield code="2">idszbz</subfield></datafield><datafield ind1=" " ind2="7" tag="650"><subfield code="a">Deutsch</subfield><subfield code="2">idszbz</subfield></datafield><datafield ind1=" " ind2="7" tag="650"><subfield code="a">DEUTSCHE LITERATUR</subfield><subfield code="9">ger</subfield><subfield code="0">(ETHUDK)000036463</subfield><subfield code="2">ethudk</subfield></datafield><datafield ind1=" " ind2="7" tag="650"><subfield code="a">REISEBERICHTE, REISEBESCHREIBUNGEN</subfield><subfield code="9">ger</subfield><subfield code="0">(ETHUDK)000036438</subfield><subfield code="2">ethudk</subfield></datafield><datafield ind1=" " ind2="7" tag="651"><subfield code="a">New York</subfield><subfield code="2">idszbz</subfield></datafield><datafield ind1=" " ind2="0" tag="651"><subfield code="a">New York (N.Y.)</subfield><subfield code="x">Description and travel</subfield></datafield><datafield ind1=" " ind2="0" tag="651"><subfield code="a">United States</subfield><subfield code="x">Description and travel</subfield></datafield><datafield ind1=" " ind2="7" tag="651"><subfield code="a">München</subfield><subfield code="0">(DE-588)4127793-4</subfield><subfield code="2">gnd</subfield></datafield><datafield ind1=" " ind2="7" tag="655"><subfield code="a">Reisebericht</subfield><subfield code="2">idszbz</subfield></datafield><datafield ind1=" " ind2="7" tag="655"><subfield code="a">Ausgabe</subfield><subfield code="2">idszbz</subfield></datafield><datafield ind1="1" ind2=" " tag="700"><subfield code="a">Erhart, Walter</subfield><subfield code="d">1959-</subfield><subfield code="0">(DE-588)129655058</subfield><subfield code="6">880-02</subfield></datafield><datafield ind1="1" ind2=" " tag="880"><subfield code="6">700-02</subfield><subfield code="a">Erhart, Walter</subfield><subfield code="d">1959-....</subfield><subfield code="0">(IDREF)030655102</subfield></datafield><datafield ind1="4" ind2=" " tag="856"><subfield code="3">Titelblatt und Inhaltsverzeichnis</subfield><subfield code="u">https://toc.library.ethz.ch/objects/pdf/z01_978-3-518-41809-3_01.pdf</subfield><subfield code="q">pdf</subfield></datafield><datafield ind1="1" ind2=" " tag="800"><subfield code="a">Koeppen, Wolfgang</subfield><subfield code="d">1906-1996</subfield><subfield code="t">Werke</subfield><subfield code="v">9</subfield><subfield code="w">(IDSBB)003808923DSV01</subfield></datafield><datafield ind1=" " ind2=" " tag="900"><subfield code="a">IDSZ2zbzmon200812e</subfield><subfield code="c">IDSZ2rusc</subfield><subfield code="d">IDSZ2zbzswk200901b</subfield><subfield code="e">IDSZ2boxm</subfield></datafield><datafield ind1=" " ind2=" " tag="949"><subfield code="a">https://toc.library.ethz.ch/objects/pdf/z01_978-3-518-41809-3_01.pdf</subfield></datafield></record>
</metadata></record>