<record><header><identifier>oai:alma.41SLSP_UGE:991000775579705502</identifier><datestamp>2023-03-01T01:09:35Z</datestamp><setSpec>uge_bcen_RapidILL_BOOK</setSpec><setSpec>uge_aaca_RapidILL_BOOK</setSpec><setSpec>uge_abels_RapidILL_BOOK</setSpec><setSpec>uge_dbu_RapidILL_BOOK</setSpec><setSpec>uge_cmu_RapidILL_BOOK</setSpec><setSpec>uge_mail_RapidILL_BOOK</setSpec><setSpec>UNIGE_ALL</setSpec><setSpec>uge_abbat_RapidILL_BOOK</setSpec><setSpec>uge_aobs_RapidILL_BOOK</setSpec><setSpec>uge_acar_RapidILL_BOOK</setSpec></header><metadata>
<record xmlns="http://www.loc.gov/MARC21/slim" xmlns:xsi="http://www.w3.org/2001/XMLSchema-instance" xsi:schemaLocation="http://www.loc.gov/MARC21/slim http://www.loc.gov/standards/marcxml/schema/MARC21slim.xsd"><leader>02890nam a2200745 c 4500</leader><controlfield tag="001">991000775579705502</controlfield><controlfield tag="005">20230127173921.0</controlfield><controlfield tag="008">201012s1988    xxu||||| |||| 00| ||eng d</controlfield><datafield ind1=" " ind2=" " tag="020"><subfield code="a">0521340233</subfield></datafield><datafield ind1="7" ind2=" " tag="024"><subfield code="a">http://catalogue.bnf.fr/ark:/12148/cb37362968p</subfield><subfield code="2">uri</subfield></datafield><datafield ind1=" " ind2=" " tag="035"><subfield code="a">(swissbib)235065374-41slsp_network</subfield></datafield><datafield ind1=" " ind2=" " tag="035"><subfield code="a">235065374</subfield><subfield code="9">ExL</subfield></datafield><datafield ind1=" " ind2=" " tag="035"><subfield code="a">(RERO)1132206-41slsp</subfield></datafield><datafield ind1=" " ind2=" " tag="035"><subfield code="a">(IDSBB)000719044DSV01</subfield></datafield><datafield ind1=" " ind2=" " tag="035"><subfield code="a">(NEBIS)001075185EBI01</subfield></datafield><datafield ind1=" " ind2=" " tag="035"><subfield code="a">(EXLNZ-41SLSP_NETWORK)991090180639705501</subfield></datafield><datafield ind1=" " ind2=" " tag="040"><subfield code="a">RERO gevbpu</subfield><subfield code="d">CH-ZuSLS</subfield></datafield><datafield ind1=" " ind2=" " tag="044"><subfield code="a">xxk</subfield><subfield code="a">xxu</subfield></datafield><datafield ind1=" " ind2="7" tag="072"><subfield code="a">me</subfield><subfield code="2">rero</subfield></datafield><datafield ind1=" " ind2="7" tag="072"><subfield code="a">me</subfield><subfield code="2">SzZuIDS BS/BE</subfield></datafield><datafield ind1="0" ind2="0" tag="082"><subfield code="a">362.1</subfield><subfield code="2">19</subfield></datafield><datafield ind1="0" ind2="4" tag="082"><subfield code="a">306/.46</subfield><subfield code="2">19</subfield></datafield><datafield ind1="1" ind2="4" tag="082"><subfield code="a">362.1</subfield><subfield code="2">22</subfield></datafield><datafield ind1="1" ind2="4" tag="082"><subfield code="a">610</subfield><subfield code="2">22</subfield></datafield><datafield ind1="1" ind2=" " tag="100"><subfield code="a">Dutton, Diana Barbara</subfield><subfield code="0">(IDREF)251237583</subfield><subfield code="4">cre</subfield></datafield><datafield ind1="1" ind2="0" tag="245"><subfield code="a">Worse than the disease</subfield><subfield code="b">pitfalls of medical progress</subfield><subfield code="c">Diana B. Dutton ; with contributions by Thomas A. Preston, Nancy E. Pfund</subfield></datafield><datafield ind1=" " ind2="1" tag="264"><subfield code="a">Cambridge</subfield><subfield code="a">New York [etc.]</subfield><subfield code="b">Cambridge University Press</subfield><subfield code="c">1988</subfield></datafield><datafield ind1=" " ind2=" " tag="300"><subfield code="a">XVI, 528 p.</subfield><subfield code="c">24 cm</subfield></datafield><datafield ind1=" " ind2=" " tag="336"><subfield code="b">txt</subfield><subfield code="2">rdacontent</subfield></datafield><datafield ind1=" " ind2=" " tag="337"><subfield code="b">n</subfield><subfield code="2">rdamedia</subfield></datafield><datafield ind1=" " ind2=" " tag="338"><subfield code="b">nc</subfield><subfield code="2">rdacarrier</subfield></datafield><datafield ind1=" " ind2="2" tag="650"><subfield code="a">Ethics, Medical</subfield></datafield><datafield ind1=" " ind2="7" tag="650"><subfield code="a">médecine - progrès</subfield><subfield code="0">(RERO)A010115459</subfield><subfield code="2">rerovoc</subfield></datafield><datafield ind1=" " ind2="7" tag="650"><subfield code="a">Morale</subfield><subfield code="0">(IDREF)027790029</subfield><subfield code="2">idref</subfield></datafield><datafield ind1=" " ind2="7" tag="650"><subfield code="a">Sociologie</subfield><subfield code="0">(IDREF)049647490</subfield><subfield code="2">idref</subfield></datafield><datafield ind1=" " ind2="7" tag="650"><subfield code="a">Économie politique</subfield><subfield code="0">(IDREF)027790479</subfield><subfield code="2">idref</subfield></datafield><datafield ind1=" " ind2="7" tag="650"><subfield code="a">Fortschritt</subfield><subfield code="2">idszbz</subfield></datafield><datafield ind1=" " ind2="7" tag="650"><subfield code="a">Medizin</subfield><subfield code="2">idszbz</subfield></datafield><datafield ind1=" " ind2="7" tag="650"><subfield code="a">Medizinische Ethik</subfield><subfield code="2">idszbz</subfield></datafield><datafield ind1=" " ind2="7" tag="650"><subfield code="a">Geschichte</subfield><subfield code="0">(DE-588)4020517-4</subfield><subfield code="2">gnd</subfield></datafield><datafield ind1=" " ind2="7" tag="650"><subfield code="a">Innovation</subfield><subfield code="0">(DE-588)4027089-0</subfield><subfield code="2">gnd</subfield></datafield><datafield ind1=" " ind2="7" tag="650"><subfield code="a">Medizin</subfield><subfield code="0">(DE-588)4038243-6</subfield><subfield code="2">gnd</subfield></datafield><datafield ind1=" " ind2="7" tag="650"><subfield code="a">Medizinische Ethik</subfield><subfield code="0">(DE-588)4074672-0</subfield><subfield code="2">gnd</subfield></datafield><datafield ind1=" " ind2="7" tag="650"><subfield code="a">Soziologie</subfield><subfield code="0">(DE-588)4077624-4</subfield><subfield code="2">gnd</subfield></datafield><datafield ind1=" " ind2="7" tag="650"><subfield code="a">Wissenschaftlich-technischer Fortschritt</subfield><subfield code="0">(DE-588)4132508-4</subfield><subfield code="2">gnd</subfield></datafield><datafield ind1=" " ind2="0" tag="650"><subfield code="a">Human Experimentation</subfield></datafield><datafield ind1=" " ind2="0" tag="650"><subfield code="a">Medical ethics</subfield></datafield><datafield ind1=" " ind2="0" tag="650"><subfield code="a">Medical innovations</subfield><subfield code="x">Economic aspects</subfield></datafield><datafield ind1=" " ind2="0" tag="650"><subfield code="a">Medical innovations</subfield><subfield code="x">Economic aspects</subfield><subfield code="v">Case studies</subfield></datafield><datafield ind1=" " ind2="0" tag="650"><subfield code="a">Medical innovations</subfield><subfield code="x">Economic aspects</subfield><subfield code="x">Case studies</subfield></datafield><datafield ind1=" " ind2="0" tag="650"><subfield code="a">Medical innovations</subfield><subfield code="x">Moral and ethical aspects</subfield></datafield><datafield ind1=" " ind2="0" tag="650"><subfield code="a">Medical innovations</subfield><subfield code="x">Moral and ethical aspects</subfield><subfield code="v">Case studies</subfield></datafield><datafield ind1=" " ind2="0" tag="650"><subfield code="a">Medical innovations</subfield><subfield code="x">Moral and ethical aspects</subfield><subfield code="x">Case studies</subfield></datafield><datafield ind1=" " ind2="0" tag="650"><subfield code="a">Medical innovations</subfield><subfield code="x">Social aspects</subfield></datafield><datafield ind1=" " ind2="0" tag="650"><subfield code="a">Medical innovations</subfield><subfield code="x">Social aspects</subfield><subfield code="v">Case studies</subfield></datafield><datafield ind1=" " ind2="0" tag="650"><subfield code="a">Medical policy</subfield><subfield code="z">United States</subfield><subfield code="x">trends</subfield></datafield><datafield ind1=" " ind2="0" tag="650"><subfield code="a">Medicine</subfield><subfield code="z">United States</subfield><subfield code="x">trends</subfield></datafield><datafield ind1=" " ind2="0" tag="650"><subfield code="a">Technology Assessment, Biomedical</subfield></datafield><datafield ind1=" " ind2="7" tag="651"><subfield code="a">USA</subfield><subfield code="0">(DE-588)4078704-7</subfield><subfield code="2">gnd</subfield></datafield><datafield ind1=" " ind2="7" tag="655"><subfield code="a">[Études diverses]</subfield><subfield code="0">(RERO)A022249905</subfield><subfield code="2">rero</subfield></datafield><datafield ind1=" " ind2="7" tag="655"><subfield code="a">Kritische Darstellung</subfield><subfield code="2">idszbz</subfield></datafield><datafield ind1="1" ind2=" " tag="700"><subfield code="a">Dutton, Diana Barbara</subfield></datafield><datafield ind1="1" ind2=" " tag="700"><subfield code="a">Preston, Thomas Arthur</subfield></datafield><datafield ind1="1" ind2=" " tag="700"><subfield code="a">Preston, Thomas A</subfield><subfield code="0">(RERO)A003711178</subfield></datafield><datafield ind1="1" ind2=" " tag="700"><subfield code="a">Pfund, Nancy E.</subfield><subfield code="0">(IDREF)251237494</subfield></datafield><datafield ind1=" " ind2=" " tag="900"><subfield code="a">REROnoselfmerge</subfield></datafield></record>
</metadata></record>