<record><header><identifier>oai:alma.41SLSP_UGE:991000774989705502</identifier><datestamp>2023-06-28T00:20:59Z</datestamp><setSpec>UNIGE_ALL</setSpec></header><metadata>
<record xmlns="http://www.loc.gov/MARC21/slim" xmlns:xsi="http://www.w3.org/2001/XMLSchema-instance" xsi:schemaLocation="http://www.loc.gov/MARC21/slim http://www.loc.gov/standards/marcxml/schema/MARC21slim.xsd"><leader>01790njm a2200433 c 4500</leader><controlfield tag="001">991000774989705502</controlfield><controlfield tag="005">20220406164923.0</controlfield><controlfield tag="007">sd#f||g|||||||</controlfield><controlfield tag="008">070426s2005    fr ||n||            und d</controlfield><datafield ind1="0" ind2="2" tag="028"><subfield code="a">Harmonia Mundi HMX 2908168</subfield></datafield><datafield ind1=" " ind2=" " tag="035"><subfield code="a">(swissbib)105133698-41slsp_network</subfield></datafield><datafield ind1=" " ind2=" " tag="035"><subfield code="a">105133698</subfield><subfield code="9">ExL</subfield></datafield><datafield ind1=" " ind2=" " tag="035"><subfield code="a">(RERO)R004391622-41slsp</subfield></datafield><datafield ind1=" " ind2=" " tag="035"><subfield code="a">(EXLNZ-41SLSP_NETWORK)991084940359705501</subfield></datafield><datafield ind1=" " ind2=" " tag="040"><subfield code="a">RERO geules</subfield><subfield code="d">CH-ZuSLS</subfield></datafield><datafield ind1=" " ind2="7" tag="072"><subfield code="a">mu</subfield><subfield code="2">rero</subfield></datafield><datafield ind1="0" ind2="0" tag="245"><subfield code="a">&lt;&lt;Le&gt;&gt; siècle de l'Ars nova</subfield><subfield code="b">a revolution in the late Middle Ages</subfield></datafield><datafield ind1=" " ind2="1" tag="264"><subfield code="a">Arles</subfield><subfield code="b">Harmonia Mundi</subfield><subfield code="c">P 2005</subfield></datafield><datafield ind1=" " ind2=" " tag="300"><subfield code="a">1 disque compact</subfield></datafield><datafield ind1=" " ind2=" " tag="336"><subfield code="b">prm</subfield><subfield code="2">rdacontent</subfield></datafield><datafield ind1=" " ind2=" " tag="337"><subfield code="b">s</subfield><subfield code="2">rdamedia</subfield></datafield><datafield ind1=" " ind2=" " tag="338"><subfield code="b">sd</subfield><subfield code="2">rdacarrier</subfield></datafield><datafield ind1="1" ind2=" " tag="490"><subfield code="a">Century</subfield><subfield code="v">6</subfield></datafield><datafield ind1="0" ind2=" " tag="505"><subfield code="a">1-5 : La contestation ; 6-11 : Les premières messes polyphoniques ; 12-16: L'Ars nova française ; 17-23 : L'Ars nova italienne ; 24-25 : L'Angleterre du XVIe siècle</subfield></datafield><datafield ind1="0" ind2=" " tag="511"><subfield code="a">1-5 : René Clemencic (dirtection) ; Clemencic Consort</subfield></datafield><datafield ind1="0" ind2=" " tag="511"><subfield code="a">6-19 : Marcel Pérès (direction) ; Ensemble Organum</subfield></datafield><datafield ind1="0" ind2=" " tag="511"><subfield code="a">20-21 : Anonymous 4</subfield></datafield><datafield ind1="0" ind2=" " tag="511"><subfield code="a">22-23 : Pedro Memelsdorff (direction) ; Mala punica</subfield></datafield><datafield ind1="0" ind2=" " tag="511"><subfield code="a">24-25 : Paul Hillier (direction) ; The Hilliard Ensemble</subfield></datafield><datafield ind1="1" ind2=" " tag="700"><subfield code="a">Pérès, Marcel</subfield><subfield code="d">1956-....</subfield><subfield code="0">(IDREF)030960975</subfield></datafield><datafield ind1="1" ind2=" " tag="700"><subfield code="a">Hillier, Paul</subfield><subfield code="d">1949-....</subfield><subfield code="0">(IDREF)035035560</subfield></datafield><datafield ind1="1" ind2=" " tag="700"><subfield code="a">Clemencic, René</subfield><subfield code="d">1928-2022</subfield><subfield code="0">(IDREF)074184423</subfield></datafield><datafield ind1="1" ind2=" " tag="700"><subfield code="a">Memelsdorff, Pedro</subfield><subfield code="d">1959-....</subfield><subfield code="0">(IDREF)087453150</subfield></datafield><datafield ind1="2" ind2=" " tag="710"><subfield code="a">Ensemble Organum</subfield><subfield code="d">1982-....</subfield><subfield code="0">(IDREF)067229077</subfield></datafield><datafield ind1="2" ind2=" " tag="710"><subfield code="a">Clemencic Consort (Wien)</subfield><subfield code="0">(RERO)A003110833</subfield></datafield><datafield ind1="2" ind2=" " tag="710"><subfield code="a">Anonymous 4</subfield><subfield code="g">1986-2004</subfield><subfield code="0">(IDREF)082989567</subfield></datafield><datafield ind1="2" ind2=" " tag="710"><subfield code="a">The Hilliard Ensemble</subfield><subfield code="0">(IDREF)080809308</subfield></datafield><datafield ind1="2" ind2=" " tag="710"><subfield code="a">Mala Punica</subfield><subfield code="0">(IDREF)244884544</subfield></datafield><datafield ind1=" " ind2=" " tag="830"><subfield code="a">Century</subfield><subfield code="v">6</subfield><subfield code="w">(RERO)R004100808-41slsp</subfield></datafield><datafield ind1=" " ind2=" " tag="900"><subfield code="a">REROnoselfmerge</subfield></datafield></record>
</metadata></record>