<record><header><identifier>oai:alma.41SLSP_UGE:991000775309705502</identifier><datestamp>2023-04-08T00:14:45Z</datestamp><setSpec>uge_bcen_RapidILL_BOOK</setSpec><setSpec>uge_aaca_RapidILL_BOOK</setSpec><setSpec>uge_abels_RapidILL_BOOK</setSpec><setSpec>uge_dbu_RapidILL_BOOK</setSpec><setSpec>uge_cmu_RapidILL_BOOK</setSpec><setSpec>uge_mail_RapidILL_BOOK</setSpec><setSpec>uge_abbat_RapidILL_BOOK</setSpec><setSpec>UNIGE_ALL</setSpec><setSpec>uge_acar_RapidILL_BOOK</setSpec><setSpec>uge_aobs_RapidILL_BOOK</setSpec></header><metadata>
<record xmlns="http://www.loc.gov/MARC21/slim" xmlns:xsi="http://www.w3.org/2001/XMLSchema-instance" xsi:schemaLocation="http://www.loc.gov/MARC21/slim http://www.loc.gov/standards/marcxml/schema/MARC21slim.xsd"><leader>01141nam a2200301 c 4500</leader><controlfield tag="001">991000775309705502</controlfield><controlfield tag="005">20230407174032.0</controlfield><controlfield tag="008">180117s2017    gw ||||| |||| 00| ||eng d</controlfield><datafield ind1=" " ind2=" " tag="020"><subfield code="a">9783961100255</subfield></datafield><datafield ind1=" " ind2=" " tag="035"><subfield code="a">(swissbib)124486312-41slsp_network</subfield></datafield><datafield ind1=" " ind2=" " tag="035"><subfield code="a">124486312</subfield><subfield code="9">ExL</subfield></datafield><datafield ind1=" " ind2=" " tag="035"><subfield code="a">(RERO)R008752896-41slsp</subfield></datafield><datafield ind1=" " ind2=" " tag="035"><subfield code="a">(EXLNZ-41SLSP_NETWORK)991111082519705501</subfield></datafield><datafield ind1=" " ind2=" " tag="040"><subfield code="a">RERO geueti</subfield><subfield code="d">CH-ZuSLS</subfield></datafield><datafield ind1=" " ind2="7" tag="072"><subfield code="a">lg</subfield><subfield code="2">rero</subfield></datafield><datafield ind1="0" ind2="0" tag="245"><subfield code="a">Empirical modelling of translation and interpreting</subfield><subfield code="c">ed. by Silvia Hansen-Schirra ... [et al.]</subfield></datafield><datafield ind1=" " ind2="1" tag="264"><subfield code="a">Berlin</subfield><subfield code="b">Language Science Press</subfield><subfield code="c">2017</subfield></datafield><datafield ind1=" " ind2=" " tag="300"><subfield code="a">ix, 505 p.</subfield><subfield code="c">25 cm</subfield></datafield><datafield ind1=" " ind2=" " tag="336"><subfield code="b">txt</subfield><subfield code="2">rdacontent</subfield></datafield><datafield ind1=" " ind2=" " tag="337"><subfield code="b">n</subfield><subfield code="2">rdamedia</subfield></datafield><datafield ind1=" " ind2=" " tag="338"><subfield code="b">nc</subfield><subfield code="2">rdacarrier</subfield></datafield><datafield ind1="1" ind2=" " tag="490"><subfield code="a">Translation and multilingual natural language processing</subfield><subfield code="v">7</subfield></datafield><datafield ind1=" " ind2="7" tag="650"><subfield code="a">Traduction</subfield><subfield code="0">(IDREF)027254275</subfield><subfield code="2">idref</subfield></datafield><datafield ind1=" " ind2="7" tag="650"><subfield code="a">Recherche</subfield><subfield code="0">(IDREF)027315754</subfield><subfield code="2">idref</subfield></datafield><datafield ind1=" " ind2="7" tag="650"><subfield code="a">Modèles linguistiques</subfield><subfield code="0">(IDREF)050578294</subfield><subfield code="2">idref</subfield></datafield><datafield ind1=" " ind2="7" tag="655"><subfield code="a">[Études diverses]</subfield><subfield code="0">(RERO)A022249905</subfield><subfield code="2">rero</subfield></datafield><datafield ind1="1" ind2=" " tag="700"><subfield code="a">Hansen-Schirra, Silvia</subfield><subfield code="0">(IDREF)174959370</subfield></datafield><datafield ind1=" " ind2="0" tag="830"><subfield code="a">Translation and multilingual natural language processing</subfield><subfield code="v">7</subfield><subfield code="w">(RERO)R008752895-41slsp</subfield></datafield><datafield ind1=" " ind2=" " tag="900"><subfield code="a">REROnoselfmerge</subfield></datafield></record>
</metadata></record>