<record><header><identifier>oai:alma.41SLSP_UGE:991000774999705502</identifier><datestamp>2024-10-10T00:07:51Z</datestamp><setSpec>uge_bcen_RapidILL_BOOK</setSpec><setSpec>uge_aaca_RapidILL_BOOK</setSpec><setSpec>uge_abels_RapidILL_BOOK</setSpec><setSpec>uge_dbu_RapidILL_BOOK</setSpec><setSpec>uge_cmu_RapidILL_BOOK</setSpec><setSpec>uge_mail_RapidILL_BOOK</setSpec><setSpec>uge_abbat_RapidILL_BOOK</setSpec><setSpec>UNIGE_ALL</setSpec><setSpec>uge_aobs_RapidILL_BOOK</setSpec><setSpec>uge_acar_RapidILL_BOOK</setSpec></header><metadata>
<record xmlns="http://www.loc.gov/MARC21/slim" xmlns:xsi="http://www.w3.org/2001/XMLSchema-instance" xsi:schemaLocation="http://www.loc.gov/MARC21/slim http://www.loc.gov/standards/marcxml/schema/MARC21slim.xsd"><leader>01780naa a2200361 c 4500</leader><controlfield tag="001">991000774999705502</controlfield><controlfield tag="005">20230223195754.0</controlfield><controlfield tag="008">201012s1993    fr ||||| |||| 00| ||fre d</controlfield><datafield ind1=" " ind2=" " tag="019"><subfield code="a">lidos_ufg_sguf_arczo (aus Datei Analytica)</subfield><subfield code="5">IDSBB/23.10.2007/A254,A255/VK BS</subfield></datafield><datafield ind1=" " ind2=" " tag="035"><subfield code="a">(swissbib)238465349-41slsp_network</subfield></datafield><datafield ind1=" " ind2=" " tag="035"><subfield code="a">238465349</subfield><subfield code="9">ExL</subfield></datafield><datafield ind1=" " ind2=" " tag="035"><subfield code="a">(RERO)1936326-41slsp</subfield></datafield><datafield ind1=" " ind2=" " tag="035"><subfield code="a">(IDSBB)004334847DSV01</subfield></datafield><datafield ind1=" " ind2=" " tag="035"><subfield code="a">(EXLNZ-41SLSP_NETWORK)991033947499705501</subfield></datafield><datafield ind1=" " ind2=" " tag="040"><subfield code="a">RERO geussa</subfield><subfield code="d">CH-ZuSLS</subfield></datafield><datafield ind1=" " ind2="7" tag="072"><subfield code="a">et</subfield><subfield code="2">rero</subfield></datafield><datafield ind1=" " ind2="7" tag="072"><subfield code="a">ar</subfield><subfield code="2">rero</subfield></datafield><datafield ind1="1" ind2=" " tag="100"><subfield code="a">Chaix, Louis</subfield><subfield code="d">1939-</subfield><subfield code="0">(DE-588)132201763</subfield><subfield code="6">880-01</subfield></datafield><datafield ind1="1" ind2=" " tag="880"><subfield code="6">100-01</subfield><subfield code="a">Chaix, Louis</subfield><subfield code="c">archéozoologue</subfield><subfield code="d">19..-....</subfield><subfield code="0">(IDREF)028740564</subfield><subfield code="4">cre</subfield></datafield><datafield ind1="1" ind2="0" tag="245"><subfield code="a">&lt;&lt;La&gt;&gt; chasse au Néolithique dans les Alpes du Nord (Valais, Italie du Nord, Haute-Savoie et Dauphiné)</subfield><subfield code="b">des données archéozoologiques aux modélisations archéologiques</subfield><subfield code="c">Louis Chaix, Hassan Sidi Maamar</subfield></datafield><datafield ind1=" " ind2=" " tag="336"><subfield code="b">txt</subfield><subfield code="2">rdacontent</subfield></datafield><datafield ind1=" " ind2=" " tag="337"><subfield code="b">n</subfield><subfield code="2">rdamedia</subfield></datafield><datafield ind1=" " ind2=" " tag="338"><subfield code="b">nc</subfield><subfield code="2">rdacarrier</subfield></datafield><datafield ind1=" " ind2=" " tag="500"><subfield code="a">Zugleich als Sonderdruck erschienen</subfield></datafield><datafield ind1=" " ind2=" " tag="520"><subfield code="a">Frankreich - Italien - Wallis - Neolithikum - Archäozoologie</subfield><subfield code="5">ubs-Archäologie</subfield></datafield><datafield ind1=" " ind2=" " tag="520"><subfield code="a">Jagd - Modellbildung</subfield><subfield code="5">ubs-Archäologie</subfield></datafield><datafield ind1=" " ind2=" " tag="580"><subfield code="a">In: Exploitation des animaux sauvages à travers le temps. - Juan-les-Pins : Ed. APDCA, 1993. - P. 161-181</subfield></datafield><datafield ind1=" " ind2="7" tag="650"><subfield code="a">Chasse</subfield><subfield code="0">(IDREF)027222616</subfield><subfield code="2">idref</subfield></datafield><datafield ind1=" " ind2="7" tag="650"><subfield code="a">Néolithique</subfield><subfield code="0">(IDREF)027476510</subfield><subfield code="2">idref</subfield></datafield><datafield ind1=" " ind2="7" tag="651"><subfield code="a">Alpes (ouest)</subfield><subfield code="0">(IDREF)02847158X</subfield><subfield code="2">idref</subfield></datafield><datafield ind1="1" ind2=" " tag="700"><subfield code="a">Sidi Maamar, Hassan</subfield><subfield code="d">1960-....</subfield><subfield code="0">(IDREF)069426333</subfield></datafield><datafield ind1="0" ind2=" " tag="773"><subfield code="t">Exploitation des animaux sauvages à travers le temps</subfield><subfield code="g">S. 161-181</subfield><subfield code="q">161-181</subfield><subfield code="w">(IDSBB)001424622DSV01</subfield></datafield><datafield ind1="0" ind2=" " tag="773"><subfield code="t">Exploitation des animaux sauvages à travers le temps : actes des rencontres 15-16-17 octobre 1992</subfield><subfield code="g">P. 161-181</subfield><subfield code="w">(RERO)1837263-41slsp</subfield></datafield><datafield ind1=" " ind2=" " tag="900"><subfield code="a">REROnoselfmerge</subfield></datafield></record>
</metadata></record>