<record><header><identifier>oai:alma.41SLSP_UGE:991000775519705502</identifier><datestamp>2023-03-01T01:09:35Z</datestamp><setSpec>uge_bcen_RapidILL_BOOK</setSpec><setSpec>uge_aaca_RapidILL_BOOK</setSpec><setSpec>uge_abels_RapidILL_BOOK</setSpec><setSpec>uge_dbu_RapidILL_BOOK</setSpec><setSpec>uge_cmu_RapidILL_BOOK</setSpec><setSpec>uge_mail_RapidILL_BOOK</setSpec><setSpec>UNIGE_ALL</setSpec><setSpec>uge_abbat_RapidILL_BOOK</setSpec><setSpec>uge_aobs_RapidILL_BOOK</setSpec><setSpec>uge_acar_RapidILL_BOOK</setSpec></header><metadata>
<record xmlns="http://www.loc.gov/MARC21/slim" xmlns:xsi="http://www.w3.org/2001/XMLSchema-instance" xsi:schemaLocation="http://www.loc.gov/MARC21/slim http://www.loc.gov/standards/marcxml/schema/MARC21slim.xsd"><leader>01117naa a2200265 c 4500</leader><controlfield tag="001">991000775519705502</controlfield><controlfield tag="005">20211114201309.0</controlfield><controlfield tag="008">970703s1997    xxu||||| |||| 00| ||eng d</controlfield><datafield ind1=" " ind2=" " tag="035"><subfield code="a">(swissbib)092310842-41slsp_network</subfield></datafield><datafield ind1=" " ind2=" " tag="035"><subfield code="a">092310842</subfield><subfield code="9">ExL</subfield></datafield><datafield ind1=" " ind2=" " tag="035"><subfield code="a">(RERO)R216332460-41slsp</subfield></datafield><datafield ind1=" " ind2=" " tag="035"><subfield code="a">(EXLNZ-41SLSP_NETWORK)991010790649705501</subfield></datafield><datafield ind1=" " ind2=" " tag="040"><subfield code="a">RERO geussc</subfield><subfield code="d">CH-ZuSLS</subfield></datafield><datafield ind1=" " ind2="7" tag="072"><subfield code="a">ch</subfield><subfield code="2">rero</subfield></datafield><datafield ind1="0" ind2="0" tag="245"><subfield code="a">Asymmetric propargylation/allylation/Pauson-Khand cyclization of a planar chiral anisole tricarbonylchromium complex</subfield><subfield code="c">Anna Quattropani... [et al.]</subfield></datafield><datafield ind1=" " ind2=" " tag="336"><subfield code="b">txt</subfield><subfield code="2">rdacontent</subfield></datafield><datafield ind1=" " ind2=" " tag="337"><subfield code="b">n</subfield><subfield code="2">rdamedia</subfield></datafield><datafield ind1=" " ind2=" " tag="338"><subfield code="b">nc</subfield><subfield code="2">rdacarrier</subfield></datafield><datafield ind1=" " ind2=" " tag="508"><subfield code="a">Autres auteurs: Gary Anderson, Gérald Bernardinelli et E. Peter Kündig</subfield></datafield><datafield ind1=" " ind2=" " tag="580"><subfield code="a">In: Journal of the American Chemical Society. - Washington D.C. - Vol. 119(1997), no. 20, p. 4773-4774</subfield></datafield><datafield ind1="1" ind2=" " tag="700"><subfield code="a">Quattropani, Anna</subfield><subfield code="0">(RERO)A003720062</subfield></datafield><datafield ind1="1" ind2=" " tag="700"><subfield code="a">Anderson, Gary</subfield><subfield code="0">(RERO)A002928204</subfield></datafield><datafield ind1="1" ind2=" " tag="700"><subfield code="a">Bernardinelli, Gérald</subfield><subfield code="0">(IDREF)256929963</subfield></datafield><datafield ind1="1" ind2=" " tag="700"><subfield code="a">Kündig, E. Peter</subfield><subfield code="0">(IDREF)07943178X</subfield></datafield><datafield ind1="0" ind2=" " tag="773"><subfield code="t">Journal of the American Chemical Society</subfield><subfield code="g">1997/4773</subfield><subfield code="g">yr:1997</subfield></datafield><datafield ind1=" " ind2=" " tag="900"><subfield code="a">REROnoselfmerge</subfield></datafield></record>
</metadata></record>