<record><header><identifier>oai:alma.41SLSP_UGE:991000775619705502</identifier><datestamp>2023-03-01T01:09:35Z</datestamp><setSpec>uge_bcen_RapidILL_BOOK</setSpec><setSpec>uge_aaca_RapidILL_BOOK</setSpec><setSpec>uge_abels_RapidILL_BOOK</setSpec><setSpec>uge_dbu_RapidILL_BOOK</setSpec><setSpec>uge_cmu_RapidILL_BOOK</setSpec><setSpec>uge_mail_RapidILL_BOOK</setSpec><setSpec>UNIGE_ALL</setSpec><setSpec>uge_abbat_RapidILL_BOOK</setSpec><setSpec>uge_acar_RapidILL_BOOK</setSpec><setSpec>uge_aobs_RapidILL_BOOK</setSpec></header><metadata>
<record xmlns="http://www.loc.gov/MARC21/slim" xmlns:xsi="http://www.w3.org/2001/XMLSchema-instance" xsi:schemaLocation="http://www.loc.gov/MARC21/slim http://www.loc.gov/standards/marcxml/schema/MARC21slim.xsd"><leader>02069nam a2200517 c 4500</leader><controlfield tag="001">991000775619705502</controlfield><controlfield tag="005">20201126051321.0</controlfield><controlfield tag="008">201012s1988    xxu||||| |||| 00| ||eng d</controlfield><datafield ind1=" " ind2=" " tag="010"><subfield code="a">88009939</subfield></datafield><datafield ind1=" " ind2=" " tag="019"><subfield code="a">Beals, Richard (1938-); Greiner, Peter Charles (1938-) / Rejnek, 1991.03.08</subfield></datafield><datafield ind1=" " ind2=" " tag="020"><subfield code="a">0691085005</subfield><subfield code="q">alk. paper</subfield></datafield><datafield ind1=" " ind2=" " tag="020"><subfield code="a">0691085013</subfield><subfield code="q">pbk.</subfield></datafield><datafield ind1=" " ind2=" " tag="035"><subfield code="a">(swissbib)237784114-41slsp_network</subfield></datafield><datafield ind1=" " ind2=" " tag="035"><subfield code="a">237784114</subfield><subfield code="9">ExL</subfield></datafield><datafield ind1=" " ind2=" " tag="035"><subfield code="a">(RERO)1048008-41slsp</subfield></datafield><datafield ind1=" " ind2=" " tag="035"><subfield code="a">(NEBIS)000485297EBI01</subfield></datafield><datafield ind1=" " ind2=" " tag="035"><subfield code="a">(EXLNZ-41SLSP_NETWORK)991088301699705501</subfield></datafield><datafield ind1=" " ind2=" " tag="040"><subfield code="a">RERO geussm</subfield><subfield code="d">CH-ZuSLS</subfield></datafield><datafield ind1=" " ind2="7" tag="072"><subfield code="a">ma</subfield><subfield code="2">rero</subfield></datafield><datafield ind1="0" ind2="0" tag="082"><subfield code="a">515.7/242</subfield><subfield code="2">19</subfield></datafield><datafield ind1=" " ind2=" " tag="084"><subfield code="a">35</subfield><subfield code="2">msc</subfield></datafield><datafield ind1="1" ind2=" " tag="100"><subfield code="6">880-01</subfield><subfield code="a">Beals, Richard</subfield><subfield code="d">1938-....</subfield><subfield code="0">(IDREF)031763596</subfield><subfield code="4">cre</subfield></datafield><datafield ind1="1" ind2=" " tag="880"><subfield code="a">Beals, Richard</subfield><subfield code="d">1938-</subfield><subfield code="0">(DE-588)10795320X</subfield><subfield code="6">100-01</subfield></datafield><datafield ind1="1" ind2="0" tag="245"><subfield code="a">Calculus on Heisenberg manifolds</subfield><subfield code="c">by Richard Beals and Peter Greiner</subfield></datafield><datafield ind1=" " ind2="1" tag="264"><subfield code="a">Princeton N.J.</subfield><subfield code="b">Princeton University Press</subfield><subfield code="c">1988</subfield></datafield><datafield ind1=" " ind2=" " tag="300"><subfield code="a">VIII, 194 p.</subfield><subfield code="c">24 cm</subfield></datafield><datafield ind1=" " ind2=" " tag="336"><subfield code="b">txt</subfield><subfield code="2">rdacontent</subfield></datafield><datafield ind1=" " ind2=" " tag="337"><subfield code="b">n</subfield><subfield code="2">rdamedia</subfield></datafield><datafield ind1=" " ind2=" " tag="338"><subfield code="b">nc</subfield><subfield code="2">rdacarrier</subfield></datafield><datafield ind1="1" ind2=" " tag="490"><subfield code="a">Annals of mathematics studies</subfield><subfield code="v">no 119</subfield></datafield><datafield ind1=" " ind2="7" tag="650"><subfield code="a">Differenzierbare Mannigfaltigkeit</subfield><subfield code="0">(DE-588)4012269-4</subfield><subfield code="2">gnd</subfield></datafield><datafield ind1=" " ind2="7" tag="650"><subfield code="a">Elliptischer Differentialoperator</subfield><subfield code="0">(DE-588)4140057-4</subfield><subfield code="2">gnd</subfield></datafield><datafield ind1=" " ind2="7" tag="650"><subfield code="a">Hypoelliptischer Operator</subfield><subfield code="0">(DE-588)4138891-4</subfield><subfield code="2">gnd</subfield></datafield><datafield ind1=" " ind2="7" tag="650"><subfield code="a">Differenzierbare Mannigfaltigkeit</subfield><subfield code="2">idszbz</subfield></datafield><datafield ind1=" " ind2="7" tag="650"><subfield code="a">Hypoelliptischer Operator</subfield><subfield code="2">idszbz</subfield></datafield><datafield ind1=" " ind2="0" tag="650"><subfield code="a">Calculus</subfield></datafield><datafield ind1=" " ind2="0" tag="650"><subfield code="a">Differentiable manifolds</subfield></datafield><datafield ind1=" " ind2="0" tag="650"><subfield code="a">Hypoelliptic operators</subfield></datafield><datafield ind1=" " ind2="7" tag="650"><subfield code="a">HYPOELLIPTISCHE DIFFERENTIALGLEICHUNGEN (ANALYSIS)</subfield><subfield code="9">ger</subfield><subfield code="0">(ETHUDK)000013368</subfield><subfield code="2">ethudk</subfield></datafield><datafield ind1=" " ind2="7" tag="650"><subfield code="a">PSEUDODIFFERENTIALOPERATOREN (TOPOLOGIE DER MANNIGFALTIGKEITEN)</subfield><subfield code="9">ger</subfield><subfield code="0">(ETHUDK)000013112</subfield><subfield code="2">ethudk</subfield></datafield><datafield ind1=" " ind2="7" tag="655"><subfield code="a">Aufsatzsammlung</subfield><subfield code="2">idszbz</subfield></datafield><datafield ind1="1" ind2=" " tag="700"><subfield code="a">Greiner, Peter C.</subfield><subfield code="d">1938-</subfield><subfield code="0">(DE-588)1047202557</subfield></datafield><datafield ind1="1" ind2=" " tag="700"><subfield code="a">Greiner, Peter Charles</subfield><subfield code="d">1938-....</subfield><subfield code="0">(IDREF)079080995</subfield></datafield><datafield ind1=" " ind2=" " tag="830"><subfield code="a">Annals of mathematics studies</subfield><subfield code="v">119</subfield><subfield code="w">(RERO)0097600-41slsp</subfield></datafield><datafield ind1=" " ind2=" " tag="830"><subfield code="a">Annals of mathematics studies</subfield><subfield code="v">119</subfield><subfield code="w">(NEBIS)000023168EBI01</subfield></datafield><datafield ind1=" " ind2=" " tag="900"><subfield code="a">REROnoselfmerge</subfield></datafield><datafield ind1=" " ind2=" " tag="900"><subfield code="f">IDSU2medea</subfield></datafield></record>
</metadata></record>