<record><header><identifier>oai:alma.41SLSP_UGE:991000774889705502</identifier><datestamp>2023-04-21T00:13:31Z</datestamp><setSpec>uge_bcen_RapidILL_BOOK</setSpec><setSpec>uge_aaca_RapidILL_BOOK</setSpec><setSpec>uge_abels_RapidILL_BOOK</setSpec><setSpec>uge_dbu_RapidILL_BOOK</setSpec><setSpec>uge_cmu_RapidILL_BOOK</setSpec><setSpec>uge_mail_RapidILL_BOOK</setSpec><setSpec>uge_abbat_RapidILL_BOOK</setSpec><setSpec>UNIGE_ALL</setSpec><setSpec>uge_acar_RapidILL_BOOK</setSpec><setSpec>uge_aobs_RapidILL_BOOK</setSpec></header><metadata>
<record xmlns="http://www.loc.gov/MARC21/slim" xmlns:xsi="http://www.w3.org/2001/XMLSchema-instance" xsi:schemaLocation="http://www.loc.gov/MARC21/slim http://www.loc.gov/standards/marcxml/schema/MARC21slim.xsd"><leader>02470nam a2200313 c 4500</leader><controlfield tag="001">991000774889705502</controlfield><controlfield tag="005">20230420113403.0</controlfield><controlfield tag="008">170106s2015    gr ||||| |||| 00| ||gre d</controlfield><datafield ind1=" " ind2=" " tag="020"><subfield code="a">9607309464</subfield></datafield><datafield ind1=" " ind2=" " tag="020"><subfield code="a">9789607309464</subfield></datafield><datafield ind1=" " ind2=" " tag="035"><subfield code="a">(swissbib)12352041X-41slsp_network</subfield></datafield><datafield ind1=" " ind2=" " tag="035"><subfield code="a">(RERO)R008580029-41slsp</subfield></datafield><datafield ind1=" " ind2=" " tag="035"><subfield code="a">(EXLNZ-41SLSP_NETWORK)991028276409705501</subfield></datafield><datafield ind1=" " ind2=" " tag="040"><subfield code="a">CH-ZuSLS UNIGE</subfield><subfield code="b">fre</subfield><subfield code="e">rda</subfield></datafield><datafield ind1="1" ind2=" " tag="041"><subfield code="a">gre</subfield><subfield code="h">eng</subfield></datafield><datafield ind1=" " ind2="7" tag="072"><subfield code="a">gr</subfield><subfield code="2">rero</subfield></datafield><datafield ind1="7" ind2="4" tag="082"><subfield code="a">880</subfield><subfield code="2">23sdnb</subfield></datafield><datafield ind1="1" ind2=" " tag="100"><subfield code="a">Hawthorn, Jeremy</subfield><subfield code="d">1942-....</subfield><subfield code="0">(IDREF)028407210</subfield><subfield code="4">aut</subfield></datafield><datafield ind1="1" ind2="0" tag="240"><subfield code="a">Unlocking the Text: Fundamental issues in literary theory</subfield></datafield><datafield ind1="1" ind2="0" tag="245"><subfield code="a">Ξεκλειδώνοντας το κείμενο</subfield><subfield code="b">μια εισαγωγή στη θεωρία της λογοτεχνίας</subfield><subfield code="c">Hawthorn Jeremy ; απόδοση στα ελληνικά Αθανασοπούλου Μαρία</subfield></datafield><datafield ind1=" " ind2=" " tag="250"><subfield code="a">[Δεύτερη έκδοση]</subfield></datafield><datafield ind1=" " ind2="1" tag="264"><subfield code="a">Ηράκλειο</subfield><subfield code="b">Πανεπιστημιακές Εκδόσεις Κρήτης</subfield><subfield code="c">2015</subfield></datafield><datafield ind1=" " ind2=" " tag="300"><subfield code="a">266 pages</subfield></datafield><datafield ind1=" " ind2=" " tag="336"><subfield code="b">txt</subfield><subfield code="2">rdacontent</subfield></datafield><datafield ind1=" " ind2=" " tag="337"><subfield code="b">n</subfield><subfield code="2">rdamedia</subfield></datafield><datafield ind1=" " ind2=" " tag="338"><subfield code="b">nc</subfield><subfield code="2">rdacarrier</subfield></datafield><datafield ind1="0" ind2=" " tag="490"><subfield code="a">Θεωρία και Κριτική της Λογοτεχνίας</subfield></datafield><datafield ind1="1" ind2=" " tag="700"><subfield code="6">880-01</subfield><subfield code="a">Athanasopoúlou, María</subfield><subfield code="d">19..-....</subfield><subfield code="0">(IDREF)250629755</subfield><subfield code="4">trl</subfield></datafield><datafield ind1="1" ind2=" " tag="880"><subfield code="6">700-01/(S</subfield><subfield code="a">Αθανασοπούλου, Μαρία</subfield><subfield code="d">19..-....</subfield><subfield code="4">trl</subfield></datafield><datafield ind1=" " ind2=" " tag="900"><subfield code="a">REROnoselfmerge</subfield></datafield></record>
</metadata></record>