<record><header><identifier>oai:alma.41SLSP_UGE:991000775099705502</identifier><datestamp>2024-11-15T01:09:57Z</datestamp><setSpec>uge_bcen_RapidILL_BOOK</setSpec><setSpec>uge_aaca_RapidILL_BOOK</setSpec><setSpec>uge_abels_RapidILL_BOOK</setSpec><setSpec>uge_dbu_RapidILL_BOOK</setSpec><setSpec>uge_cmu_RapidILL_BOOK</setSpec><setSpec>uge_mail_RapidILL_BOOK</setSpec><setSpec>uge_abbat_RapidILL_BOOK</setSpec><setSpec>UNIGE_ALL</setSpec><setSpec>uge_aobs_RapidILL_BOOK</setSpec><setSpec>uge_acar_RapidILL_BOOK</setSpec></header><metadata>
<record xmlns="http://www.loc.gov/MARC21/slim" xmlns:xsi="http://www.w3.org/2001/XMLSchema-instance" xsi:schemaLocation="http://www.loc.gov/MARC21/slim http://www.loc.gov/standards/marcxml/schema/MARC21slim.xsd"><leader>01627nam a2200421 c 4500</leader><controlfield tag="001">991000775099705502</controlfield><controlfield tag="005">20241114174646.0</controlfield><controlfield tag="008">201011s1964    it ||||| |||| 00| ||ita d</controlfield><datafield ind1=" " ind2=" " tag="010"><subfield code="a">66059704</subfield></datafield><datafield ind1=" " ind2=" " tag="035"><subfield code="a">(swissbib)220841489-41slsp_network</subfield></datafield><datafield ind1=" " ind2=" " tag="035"><subfield code="a">220841489</subfield><subfield code="9">ExL</subfield></datafield><datafield ind1=" " ind2=" " tag="035"><subfield code="a">(RERO)0857280-41slsp</subfield></datafield><datafield ind1=" " ind2=" " tag="035"><subfield code="a">(NEBIS)010884483EBI01</subfield></datafield><datafield ind1=" " ind2=" " tag="035"><subfield code="a">(SBT)000119230SBT01</subfield></datafield><datafield ind1=" " ind2=" " tag="035"><subfield code="a">(OCoLC)1814941</subfield></datafield><datafield ind1=" " ind2=" " tag="035"><subfield code="a">(EXLNZ-41SLSP_NETWORK)991030514269705501</subfield></datafield><datafield ind1=" " ind2=" " tag="040"><subfield code="a">RERO geulha</subfield><subfield code="d">CH-ZuSLS</subfield></datafield><datafield ind1="0" ind2="4" tag="050"><subfield code="a">NA1123.Q3</subfield><subfield code="b">T3</subfield></datafield><datafield ind1=" " ind2="7" tag="072"><subfield code="a">at</subfield><subfield code="2">rero</subfield></datafield><datafield ind1="1" ind2=" " tag="100"><subfield code="a">Tafuri, Manfredo</subfield><subfield code="d">1935-1994</subfield><subfield code="0">(DE-588)123138434</subfield><subfield code="e">Verfasser</subfield><subfield code="4">aut</subfield><subfield code="6">880-01</subfield></datafield><datafield ind1="1" ind2=" " tag="880"><subfield code="a">Tafuri, Manfredo</subfield><subfield code="0">(RERO)A003885347</subfield><subfield code="4">cre</subfield><subfield code="6">100-01</subfield></datafield><datafield ind1="1" ind2="0" tag="245"><subfield code="a">Ludovico Quaroni e lo sviluppo dell'architettura moderna in Italia</subfield><subfield code="c">Manfredo Tafuri</subfield></datafield><datafield ind1=" " ind2="1" tag="264"><subfield code="a">Milano</subfield><subfield code="b">Ed. di Comunità</subfield><subfield code="c">1964</subfield></datafield><datafield ind1=" " ind2=" " tag="300"><subfield code="a">212 Seiten</subfield><subfield code="b">Illustrationen</subfield><subfield code="e">2 Karten + 1 Tafel</subfield><subfield code="c">27 cm</subfield></datafield><datafield ind1=" " ind2=" " tag="336"><subfield code="b">txt</subfield><subfield code="2">rdacontent</subfield></datafield><datafield ind1=" " ind2=" " tag="337"><subfield code="b">n</subfield><subfield code="2">rdamedia</subfield></datafield><datafield ind1=" " ind2=" " tag="338"><subfield code="b">nc</subfield><subfield code="2">rdacarrier</subfield></datafield><datafield ind1="1" ind2=" " tag="490"><subfield code="a">Panorami e profili d'architettura e d'urbanistica</subfield><subfield code="v">5</subfield></datafield><datafield ind1=" " ind2=" " tag="504"><subfield code="a">Includes bibliographical references (pages 205-211)</subfield></datafield><datafield ind1="1" ind2="7" tag="600"><subfield code="a">Quaroni, Ludovico</subfield><subfield code="d">1911-1987</subfield><subfield code="0">(IDREF)030127920</subfield><subfield code="2">idref</subfield></datafield><datafield ind1="1" ind2="0" tag="600"><subfield code="a">Quaroni, Ludovico</subfield><subfield code="d">1911-1987</subfield></datafield><datafield ind1="1" ind2="7" tag="600"><subfield code="a">Quaroni, Ludovico</subfield><subfield code="d">1911-1987</subfield><subfield code="2">fast</subfield></datafield><datafield ind1="1" ind2="7" tag="600"><subfield code="a">Quaroni, Ludovico</subfield><subfield code="2">sbt12</subfield></datafield><datafield ind1=" " ind2=" " tag="691"><subfield code="e">720.030</subfield><subfield code="2">usi-TM</subfield></datafield><datafield ind1="1" ind2=" " tag="700"><subfield code="a">Quaroni, Ludovico</subfield><subfield code="0">(RERO)A003719875</subfield></datafield><datafield ind1=" " ind2=" " tag="830"><subfield code="a">Panorami e profili di architettura e urbanistica</subfield><subfield code="v">5</subfield><subfield code="w">(NEBIS)001167609EBI01</subfield></datafield><datafield ind1=" " ind2=" " tag="830"><subfield code="a">Panorami e profili d'architettura e d'urbanistica</subfield><subfield code="v">5</subfield><subfield code="w">(SBT)000177965SBT01</subfield></datafield><datafield ind1=" " ind2=" " tag="900"><subfield code="a">REROnoselfmerge</subfield></datafield><datafield ind1=" " ind2=" " tag="900"><subfield code="a">IDSZ2zbzmon201704p</subfield><subfield code="c">IDSZ2heeb</subfield></datafield><datafield ind1=" " ind2=" " tag="993"><subfield code="a">BFLB 3856</subfield><subfield code="x">ge/ulha/a/87/924</subfield><subfield code="9">LOCAL</subfield></datafield></record>
</metadata></record>