<record><header><identifier>oai:alma.41SLSP_UGE:991000775609705502</identifier><datestamp>2023-03-01T01:09:35Z</datestamp><setSpec>uge_bcen_RapidILL_BOOK</setSpec><setSpec>uge_aaca_RapidILL_BOOK</setSpec><setSpec>uge_abels_RapidILL_BOOK</setSpec><setSpec>uge_dbu_RapidILL_BOOK</setSpec><setSpec>uge_cmu_RapidILL_BOOK</setSpec><setSpec>uge_mail_RapidILL_BOOK</setSpec><setSpec>UNIGE_ALL</setSpec><setSpec>uge_abbat_RapidILL_BOOK</setSpec><setSpec>uge_aobs_RapidILL_BOOK</setSpec><setSpec>uge_acar_RapidILL_BOOK</setSpec></header><metadata>
<record xmlns="http://www.loc.gov/MARC21/slim" xmlns:xsi="http://www.w3.org/2001/XMLSchema-instance" xsi:schemaLocation="http://www.loc.gov/MARC21/slim http://www.loc.gov/standards/marcxml/schema/MARC21slim.xsd"><leader>03561nam a2200805 c 4500</leader><controlfield tag="001">991000775609705502</controlfield><controlfield tag="005">20230207213655.0</controlfield><controlfield tag="008">201011s2009    xxu||||| |||| 00| ||eng d</controlfield><datafield ind1=" " ind2=" " tag="020"><subfield code="a">9780896047143</subfield><subfield code="c">USD 45.00</subfield></datafield><datafield ind1=" " ind2=" " tag="020"><subfield code="a">0896047148</subfield></datafield><datafield ind1=" " ind2=" " tag="020"><subfield code="z">978089047143</subfield><subfield code="q">t.p. verso</subfield></datafield><datafield ind1=" " ind2=" " tag="035"><subfield code="a">(swissbib)220950865-41slsp_network</subfield></datafield><datafield ind1=" " ind2=" " tag="035"><subfield code="a">220950865</subfield><subfield code="9">ExL</subfield></datafield><datafield ind1=" " ind2=" " tag="035"><subfield code="a">(RERO)R005182506-41slsp</subfield></datafield><datafield ind1=" " ind2=" " tag="035"><subfield code="a">(IDSLU)001021377ILU01</subfield></datafield><datafield ind1=" " ind2=" " tag="035"><subfield code="a">(NEBIS)006035071EBI01</subfield></datafield><datafield ind1=" " ind2=" " tag="035"><subfield code="a">(OCoLC)298184143</subfield></datafield><datafield ind1=" " ind2=" " tag="035"><subfield code="a">(EXLNZ-41SLSP_NETWORK)991114299949705501</subfield></datafield><datafield ind1=" " ind2=" " tag="040"><subfield code="a">RERO geulhg</subfield><subfield code="d">CH-ZuSLS</subfield></datafield><datafield ind1=" " ind2=" " tag="050"><subfield code="a">D810.P7</subfield><subfield code="b">G376 2009</subfield></datafield><datafield ind1=" " ind2="7" tag="072"><subfield code="a">ht</subfield><subfield code="2">rero</subfield></datafield><datafield ind1=" " ind2="7" tag="072"><subfield code="a">sp</subfield><subfield code="2">rero</subfield></datafield><datafield ind1=" " ind2="7" tag="072"><subfield code="a">630</subfield><subfield code="2">IDS LU</subfield></datafield><datafield ind1="0" ind2="4" tag="082"><subfield code="a">940.5488/743</subfield><subfield code="2">22</subfield></datafield><datafield ind1="0" ind2="4" tag="082"><subfield code="a">324.2430238/074</subfield><subfield code="2">22</subfield></datafield><datafield ind1=" " ind2=" " tag="084"><subfield code="a">NQ 2270</subfield><subfield code="2">rvk</subfield></datafield><datafield ind1="0" ind2="0" tag="245"><subfield code="a">State of deception</subfield><subfield code="b">the power of nazi propaganda</subfield><subfield code="c">[Steven Luckert curator and Susan Bachrach project director]</subfield></datafield><datafield ind1="1" ind2="3" tag="246"><subfield code="a">Power of Nazi propaganda</subfield></datafield><datafield ind1="1" ind2="3" tag="246"><subfield code="a">Nazi propaganda</subfield></datafield><datafield ind1=" " ind2="1" tag="264"><subfield code="a">Washington, D.C.</subfield><subfield code="b">United States Holocaust Memorial Museum</subfield><subfield code="c">[2009]</subfield></datafield><datafield ind1=" " ind2=" " tag="300"><subfield code="a">194 S.</subfield><subfield code="b">Ill.</subfield><subfield code="c">31 cm</subfield></datafield><datafield ind1=" " ind2=" " tag="336"><subfield code="b">txt</subfield><subfield code="2">rdacontent</subfield></datafield><datafield ind1=" " ind2=" " tag="337"><subfield code="b">n</subfield><subfield code="2">rdamedia</subfield></datafield><datafield ind1=" " ind2=" " tag="338"><subfield code="b">nc</subfield><subfield code="2">rdacarrier</subfield></datafield><datafield ind1=" " ind2=" " tag="500"><subfield code="a">&quot;...published in conjunction with the exhibition &quot;State of Deception: The Power of Nazi Propaganda&quot; at the United States Holocaust Memerial Museum, Washington, D.C., January 2009-October 2011.&quot;</subfield></datafield><datafield ind1=" " ind2=" " tag="500"><subfield code="a">&quot;Curator: Steven Luckert&quot;--P. xi</subfield></datafield><datafield ind1=" " ind2=" " tag="500"><subfield code="a">&quot;Project director: Susan Backrach, Editor: Edward Phillips&quot;--T.p. verso</subfield></datafield><datafield ind1=" " ind2=" " tag="504"><subfield code="a">Further reading: p. 181-183</subfield></datafield><datafield ind1=" " ind2=" " tag="504"><subfield code="a">Includes bibliographical references (p. [167]-183) and index</subfield></datafield><datafield ind1=" " ind2=" " tag="508"><subfield code="a">[Authors] : Steven Luckert and Susan Bachrach ; Project director, Susan Backrach ; Editor, Edward Phillips</subfield></datafield><datafield ind1=" " ind2="7" tag="650"><subfield code="a">National-socialisme</subfield><subfield code="0">(IDREF)027368718</subfield><subfield code="2">idref</subfield></datafield><datafield ind1=" " ind2="7" tag="650"><subfield code="a">1933-1945</subfield><subfield code="2">rero</subfield></datafield><datafield ind1=" " ind2="7" tag="650"><subfield code="a">Propagande</subfield><subfield code="0">(IDREF)050581716</subfield><subfield code="2">idref</subfield></datafield><datafield ind1=" " ind2="7" tag="650"><subfield code="a">Nationalsozialismus</subfield><subfield code="0">(DE-588)4041316-0</subfield><subfield code="2">gnd</subfield></datafield><datafield ind1=" " ind2="7" tag="650"><subfield code="a">Propaganda</subfield><subfield code="0">(DE-588)4076374-2</subfield><subfield code="2">gnd</subfield></datafield><datafield ind1=" " ind2="0" tag="650"><subfield code="a">World War, 1939-1945</subfield><subfield code="x">Propaganda</subfield><subfield code="v">Exhibitions</subfield></datafield><datafield ind1=" " ind2="0" tag="650"><subfield code="a">Propaganda, German</subfield><subfield code="v">Exhibitions</subfield></datafield><datafield ind1=" " ind2="0" tag="650"><subfield code="a">Nazi propaganda</subfield><subfield code="z">Germany</subfield><subfield code="v">Exhibitions</subfield></datafield><datafield ind1=" " ind2="0" tag="650"><subfield code="a">National socialism and art</subfield><subfield code="v">Exhibitions</subfield></datafield><datafield ind1=" " ind2="0" tag="650"><subfield code="a">National socialism and motion pictures</subfield></datafield><datafield ind1=" " ind2="7" tag="650"><subfield code="a">Guerre mondiale (1914-1918)</subfield><subfield code="x">Propagande</subfield><subfield code="x">Expositions</subfield><subfield code="2">ram</subfield></datafield><datafield ind1=" " ind2="7" tag="650"><subfield code="a">Guerre mondiale (1939-1945)</subfield><subfield code="x">Propagande</subfield><subfield code="x">Expositions</subfield><subfield code="2">ram</subfield></datafield><datafield ind1=" " ind2="7" tag="650"><subfield code="a">Propagande national-socialiste</subfield><subfield code="x">Expositions</subfield><subfield code="2">ram</subfield></datafield><datafield ind1=" " ind2="7" tag="650"><subfield code="a">Affiches politiques</subfield><subfield code="z">Allemagne</subfield><subfield code="x">Expositions</subfield><subfield code="2">ram</subfield></datafield><datafield ind1=" " ind2="7" tag="650"><subfield code="a">National-socialisme et art</subfield><subfield code="x">Expositions</subfield><subfield code="2">ram</subfield></datafield><datafield ind1=" " ind2="7" tag="650"><subfield code="a">National-socialisme et cinéma</subfield><subfield code="x">Expositions</subfield><subfield code="2">ram</subfield></datafield><datafield ind1=" " ind2="7" tag="651"><subfield code="a">Allemagne</subfield><subfield code="0">(IDREF)027218856</subfield><subfield code="2">idref</subfield></datafield><datafield ind1=" " ind2="7" tag="651"><subfield code="a">Allemagne</subfield><subfield code="y">1918-1933 (République de Weimar)</subfield><subfield code="x">Expositions</subfield><subfield code="2">ram</subfield></datafield><datafield ind1=" " ind2="7" tag="651"><subfield code="a">Allemagne</subfield><subfield code="y">1933-1945</subfield><subfield code="x">Expositions</subfield><subfield code="2">ram</subfield></datafield><datafield ind1=" " ind2="7" tag="655"><subfield code="a">Catalogues d'exposition</subfield><subfield code="0">(IDREF)027320456</subfield><subfield code="2">idref</subfield></datafield><datafield ind1=" " ind2="7" tag="655"><subfield code="a">Ausstellungskatalog</subfield><subfield code="z">Washington, DC</subfield><subfield code="y">2009</subfield><subfield code="2">gnd-content</subfield></datafield><datafield ind1="1" ind2=" " tag="700"><subfield code="a">Bachrach, Susan</subfield></datafield><datafield ind1="1" ind2=" " tag="700"><subfield code="a">Phillips, Edward</subfield></datafield><datafield ind1="1" ind2=" " tag="700"><subfield code="a">Luckert, Steven</subfield><subfield code="0">(IDREF)137212666</subfield></datafield><datafield ind1="1" ind2=" " tag="700"><subfield code="a">Bachrach, Susan D.</subfield><subfield code="d">1948-....</subfield><subfield code="0">(IDREF)13721250X</subfield></datafield><datafield ind1="2" ind2=" " tag="710"><subfield code="6">880-04</subfield><subfield code="a">United States Holocaust Memorial Museum</subfield><subfield code="0">(IDREF)034094253</subfield></datafield><datafield ind1="2" ind2=" " tag="880"><subfield code="a">United States Holocaust Memorial Museum</subfield><subfield code="0">(DE-588)5075370-8</subfield><subfield code="6">710-04</subfield></datafield><datafield ind1="4" ind2=" " tag="856"><subfield code="3">Inhaltsverzeichnis</subfield><subfield code="u">http://www.ub.unibas.ch/tox/IDSLUZ/001021377/PDF</subfield><subfield code="q">pdf</subfield></datafield><datafield ind1=" " ind2=" " tag="900"><subfield code="a">REROnoselfmerge</subfield></datafield><datafield ind1=" " ind2=" " tag="911"><subfield code="a">700</subfield><subfield code="a">Bachrach, Susan D</subfield><subfield code="d">1948-</subfield></datafield><datafield ind1=" " ind2=" " tag="949"><subfield code="a">http://www.ub.unibas.ch/tox/IDSLUZ/001021377/PDF</subfield></datafield></record>
</metadata></record>