<record><header><identifier>oai:alma.41SLSP_UGE:991000786519705502</identifier><datestamp>2023-06-06T00:10:25Z</datestamp><setSpec>UNIGE_ALL</setSpec></header><metadata>
<record xmlns="http://www.loc.gov/MARC21/slim" xmlns:xsi="http://www.w3.org/2001/XMLSchema-instance" xsi:schemaLocation="http://www.loc.gov/MARC21/slim http://www.loc.gov/standards/marcxml/schema/MARC21slim.xsd"><leader>02312ngm a2200385 c 4500</leader><controlfield tag="001">991000786519705502</controlfield><controlfield tag="005">20230605204937.0</controlfield><controlfield tag="007">vd |v||||</controlfield><controlfield tag="008">150423s2014    gw ||| |          v|fre d</controlfield><datafield ind1=" " ind2=" " tag="035"><subfield code="a">(swissbib)121495655-41slsp_network</subfield></datafield><datafield ind1=" " ind2=" " tag="035"><subfield code="a">121495655</subfield><subfield code="9">ExL</subfield></datafield><datafield ind1=" " ind2=" " tag="035"><subfield code="a">(RERO)R008129865-41slsp</subfield></datafield><datafield ind1=" " ind2=" " tag="035"><subfield code="a">(EXLNZ-41SLSP_NETWORK)991057849749705501</subfield></datafield><datafield ind1=" " ind2=" " tag="040"><subfield code="a">RERO geies-</subfield><subfield code="d">CH-ZuSLS</subfield></datafield><datafield ind1="1" ind2=" " tag="041"><subfield code="a">fre</subfield><subfield code="h">ger</subfield></datafield><datafield ind1=" " ind2="7" tag="072"><subfield code="a">ps</subfield><subfield code="2">rero</subfield></datafield><datafield ind1=" " ind2="7" tag="072"><subfield code="a">pe</subfield><subfield code="2">rero</subfield></datafield><datafield ind1="0" ind2="0" tag="245"><subfield code="a">De jeunes hommes en colère</subfield><subfield code="c">un film de Uli Kick</subfield></datafield><datafield ind1=" " ind2="1" tag="264"><subfield code="a">[Lieu de publication non identifié]</subfield><subfield code="b">WDR - Arte [prod.]</subfield><subfield code="c">2014</subfield></datafield><datafield ind1=" " ind2=" " tag="300"><subfield code="a">1 DVD-R (52 min.)</subfield></datafield><datafield ind1=" " ind2=" " tag="336"><subfield code="b">tdi</subfield><subfield code="2">rdacontent</subfield></datafield><datafield ind1=" " ind2=" " tag="337"><subfield code="b">v</subfield><subfield code="2">rdamedia</subfield></datafield><datafield ind1=" " ind2=" " tag="338"><subfield code="b">vd</subfield><subfield code="2">rdacarrier</subfield></datafield><datafield ind1="0" ind2=" " tag="490"><subfield code="a">Société</subfield></datafield><datafield ind1=" " ind2=" " tag="500"><subfield code="a">Diffusé le 10 avril  2015 sur Arte</subfield></datafield><datafield ind1="8" ind2=" " tag="520"><subfield code="a">&quot;Donner une seconde chance à des jeunes coupables d'agressions violentes : tel  est l'objectif d'un groupe d'éducateurs, filmés dans ce  documentaire. Ils ont frappé, parfois blessé grièvement leurs victimes. Au  lieu de les envoyer en prison, on propose à huit multirécidivistes âgés de 17 à 22 ans un programme de traitement de  l'agressivité. Qui sont ces jeunes ? Pourquoi ont-ils basculé dans la violence ? Est-il possible d'infléchir leur façon de penser ou, en dernier ressort, leur comportement ? Le documentariste a suivi les huit participants pendant une année. Le processus, laborieux, comporte des séances de groupe à haute charge émotionnelle, des exercices de confiance et de coopération, des mises en situation et un début d'insertion professionnelle via des petits boulots. Il passe aussi par une confrontation aux blessures des victimes, ainsi que par une plongée au cœur de l'histoire, souvent douloureuse, de chacun des participants.&quot;</subfield><subfield code="5">RERO/gehets-/04.2015</subfield></datafield><datafield ind1=" " ind2="7" tag="650"><subfield code="a">Médiation pénale</subfield><subfield code="0">(IDREF)031319289</subfield><subfield code="2">idref</subfield></datafield><datafield ind1=" " ind2="7" tag="650"><subfield code="a">Infractions</subfield><subfield code="0">(IDREF)032069553</subfield><subfield code="2">idref</subfield></datafield><datafield ind1=" " ind2="7" tag="650"><subfield code="a">Délinquance juvénile</subfield><subfield code="0">(IDREF)027287114</subfield><subfield code="2">idref</subfield></datafield><datafield ind1=" " ind2="7" tag="650"><subfield code="a">Victimes d'infractions</subfield><subfield code="0">(IDREF)027625346</subfield><subfield code="2">idref</subfield></datafield><datafield ind1=" " ind2="7" tag="650"><subfield code="a">Criminels mineurs</subfield><subfield code="0">(IDREF)033124035</subfield><subfield code="2">idref</subfield></datafield><datafield ind1=" " ind2="7" tag="650"><subfield code="a">Agressivité</subfield><subfield code="0">(IDREF)027218635</subfield><subfield code="2">idref</subfield></datafield><datafield ind1=" " ind2="7" tag="650"><subfield code="a">Violence</subfield><subfield code="0">(IDREF)027255891</subfield><subfield code="2">idref</subfield></datafield><datafield ind1=" " ind2="7" tag="650"><subfield code="a">Récidivistes</subfield><subfield code="0">(IDREF)027776980</subfield><subfield code="2">idref</subfield></datafield><datafield ind1=" " ind2="7" tag="655"><subfield code="a">DVD</subfield><subfield code="0">(IDREF)035108444</subfield><subfield code="2">idref</subfield></datafield><datafield ind1="1" ind2=" " tag="700"><subfield code="a">Kick, Uli</subfield><subfield code="0">(RERO)A006513110</subfield></datafield></record>
</metadata></record><resumptionToken>1900-01-01@all@UNIGE_ALL@marc21@5986526620005502</resumptionToken></ListRecords></OAI-PMH>